4076 5496
283 729 286 738 .
431 621 1355 711 httttotattortreostetustnatn.
1495 649 1538 700 21

191 731 388 837 praieripra
414 744 537 838 bona,
563 751 600 824 bt
627 749 847 828 hereditates
874 752 944 830 effe
970 777 1117 831 exemtn
1146 755 1190 832 ab
1217 758 1323 832 omni
1350 751 1492 829 decima
1515 806 1525 843 ,
1551 755 1589 830 bt

186 860 376 943 {olutione
405 871 631 965 imponenda
659 875 704 950 ad
733 876 805 951 hoc
831 931 842 971 ,
869 901 910 954 ut
928 881 1058 956 omnia
1082 879 1276 976 supradida
1302 877 1406 954 suunt
1431 877 1594 954 debitum

182 983 392 1068 sortiantur
418 992 613 1089 effetum,
639 1003 676 1078 bt
701 1021 742 1076 ut
773 998 925 1098 predidla
953 1006 1072 1102 legata
1100 1003 1304 1104 sttpradidlis
1327 1005 1392 1100 piis
1415 1004 1503 1080 loeis
1531 1005 1589 1079 io.

185 1130 326 1212 tegre,
359 1121 396 1196 ἀ
421 1141 505 1197 cum
533 1120 659 1202 effellu
687 1126 775 1202 solvi
808 1127 939 1226 polhnt
968 1129 1046 1206 line
1072 1131 1192 1232 alique
1217 1131 1500 1206 diminutione.
1542 1127 1589 1206 Iu

179 1241 367 1318 omuibus
394 1267 517 1323 autem
545 1249 651 1326 bonis
678 1252 747 1328 suis
776 1253 1005 1349 mobilibus,
1039 1259 1076 1334 bt
1101 1254 1386 1349 immobilibus,
1419 1253 1583 1349 iuribus,

182 1371 436 1466 nominibus,
461 1376 499 1452 bt
520 1373 722 1450 adionibus
740 1381 900 1478 exceptis
921 1406 972 1457 ee.
1000 1382 1040 1457 in
1062 1361 1276 1478 supradiblis'
1292 1381 1443 1478 legatis,
1470 1381 1507 1458 bt
1533 1378 1589 1454 it'r·

178 1496 313 1596 tibus,
339 1505 377 1580 bt
402 1502 510 1579 bonis
536 1501 733 1584 mobilibus
760 1503 863 1604 supra
891 1509 931 1584 in
959 1504 1117 1606 presenti
1140 1505 1357 1585 testamento
1384 1503 1494 1580 relidi.
1522 1485 1614 1577 fibi'

157 1625 359 1728 „heredem
387 1626 629 1704 universalem
665 1629 850 1726 inilituit,
875 1631 993 1728 iuffit,
1022 1639 1059 1713 bt
1085 1631 1154 1711 effe
1179 1635 1297 1710 voluit
1319 1629 1485 1722 Fratres,
1510 1625 1587 1704 Ca·

181 1756 347 1851 pitulum
366 1809 377 1848 ,
396 1751 668 1832 &Contentus
690 1755 859 1832 Fratrum
879 1755 1068 1834 Omnium
1086 1755 1363 1836 Saustorutude
1376 1753 1584 1832 Florentia.

179 1879 230 1958 Er
262 1879 377 1956 sciens
400 1882 513 1960 didus
540 1883 685 1960 testator
710 1881 931 1977 facultates,
966 1887 1003 1961 dt
1037 1907 1167 1960 earnm
1199 1883 1364 1964 extimat.
1391 1875 1578 1978 prohibuit

179 2008 330 2084 detrahi
349 2005 576 2101 ¹falciditm,
614 2013 670 2085 vel
698 2007 986 2086 trebellianictm
1013 2007 1148 2086 eisdem
1181 2009 1227 2086 de
1254 2007 1332 2084 iure
1355 2021 1580 2110 competent·

184 2157 234 2212 ex
263 2136 391 2232 legatis
417 2137 610 2234 preditus,
637 2141 674 2214 bt
702 2139 739 2210 in
768 2134 877 2232 calu,
903 2158 978 2234 quo
1003 2129 1069 2230 ipfi
1096 2131 1268 2226 Fratres,
1301 2126 1581 2225 &Capitulum

175 2259 358 2337 heredem
386 2259 527 2358 predill.
554 2257 769 2355 falt'dum,
802 2264 858 2338 vel
888 2259 1176 2338 trabtllitnlcam
1212 2253 1504 2354 supradiaorum
1531 2253 1583 2329 le·

176 2407 358 2484 gatomm
387 2405 551 2483 peterent
572 2387 716 2464 eosdem
740 2411 760 2464 a
781 2389 873 2465 dieta
895 2386 1050 2485 presenti
1073 2385 1274 2460 hereditate
1295 2383 1412 2458 didus
1431 2379 1580 2456 tellator
1710 2429 1712 2434 ,

171 2509 364 2611 privarit,
389 2512 427 2588 dt
452 2513 600 2608 privet,
625 2515 663 2588 bt
690 2514 774 2588 loco
800 2509 961 2608 ipsorum
989 2509 1192 2599 Fratrum,
1218 2513 1252 2586 bt
1280 2506 1443 2606 Capituli
1473 2504 1572 2590 inlli-

175 2634 276 2725 tuit,
302 2638 340 2712 bt
367 2630 546 2710 substituit
574 2637 714 2728 modo,
742 2633 892 2729 forma,
917 2635 1192 2712 &conditione
1215 2632 1376 2730 predidis
1397 2629 1576 2728 hospitate

172 2760 301 2838 Sandli
328 2758 468 2836 Battoli
494 2759 540 2837 de
565 2759 766 2856 Mugrtorte
793 2761 1014 2860 prediblum.
1043 2757 1091 2834 Et
1116 2758 1188 2832 hoc
1216 2755 1356 2834 alieruir
1383 2757 1496 2836 didus
1522 2777 1574 2832 re·

175 2881 290 2963 ssator
316 2885 385 2962 eise
412 2885 516 2964 suum
545 2888 721 2962 ultimum
749 2885 1037 2974 testamentum,
1063 2887 1100 2960 bt
1122 2880 1222 2956 suam
1244 2883 1416 2958 ultimam
1439 2885 1573 2960 volun·

176 3032 321 3106 tttrm,
341 3037 478 3112 quam,
497 3015 653 3113 &quod
674 3016 793 3088 valere
816 3013 935 3087 voluit
958 3011 1034 3084 iure
1058 3004 1287 3098 testamenti,
1318 3010 1416 3106 quod
1440 3009 1465 3085 st
1489 3033 1568 3086 non

173 3137 306 3229 valet,
331 3139 388 3212 tel
415 3135 547 3213 valebit
574 3139 652 3214 iure
678 3134 919 3228 testamenti,
947 3134 1064 3208 voluit
1091 3136 1242 3230 velere,
1274 3137 1311 3212 δι
1338 3155 1461 3214 tenere
1489 3138 1568 3216 iure

168 3257 481 3356 codicillorum,
513 3259 573 3338 seu
598 3260 815 3340 donationis
846 3259 951 3338 eausa
987 3261 1149 3352 mortis,
1185 3263 1240 3336 vel
1279 3262 1427 3338 alterius
1452 3263 1568 3342 cuius·

166 3413 333 3488 tumque
359 3391 491 3471 ultime
519 3389 757 3481 voluntatis,
783 3413 883 3486 quo,
910 3412 1014 3487 qua,
1048 3386 1107 3462 stu
1133 3387 1263 3487 quibus
1290 3382 1409 3484 magis
1436 3393 1568 3469 melius

172 3521 318 3609 talete,
343 3521 381 3594 bt
408 3534 532 3590 tenere
558 3513 708 3610 potuit,
734 3515 794 3592 seu
823 3499 961 3611 ponet,
988 3511 1128 3611 potest,
1155 3516 1210 3588 vel
1240 3515 1400 3609 poterit,
1427 3517 1465 3602 dt
1492 3513 1568 3594 hoe

167 3639 291 3717 toluit
316 3635 493 3716 omnibns
518 3641 725 3735 prevalere.
751 3637 926 3730 canant,
952 3639 1132 3729 irritant,
1159 3641 1196 3714 bt
1223 3641 1423 3714 annullans
1448 3639 1564 3722 diuus

167 3767 319 3845 testator
342 3789 459 3842 omne
492 3763 590 3842 aliud
624 3761 920 3854 testamentum,
953 3764 990 3838 bt
1018 3763 1190 3836 ultimam
1216 3763 1485 3858 voluntatem,
1520 3787 1563 3842 ac

166 3893 397 3996 codicillum
423 3917 487 3989 pet
509 3919 598 3970 eum
627 3891 718 3970 hino
747 3897 845 3967 retro
871 3886 1009 3964 fadum
1036 3911 1114 3962 nort
1137 3885 1362 3964 obstantibus
1388 3891 1569 3992 aliquibus

170 4020 289 4094 rerbis
313 4017 576 4115 derogatoriis,
604 4013 629 4092 fi
657 4037 729 4113 qua
755 4017 795 4092 in
823 4015 905 4109 eis,
932 4017 989 4090 vel
1017 4037 1063 4088 eo
1089 4012 1238 4111 appostt.
1266 4009 1335 4097 elie
1361 4023 1565 4114 reperiret.

165 4163 246 4239 tur,
269 4145 315 4223 de
342 4145 472 4244 quibus
496 4141 585 4219 dixit
613 4137 649 4216 se
678 4143 864 4240 penitere,
890 4165 1027 4238 rogans
1062 4165 1121 4215 me
1148 4137 1351 4217 Notarium
1380 4141 1564 4223 infrascri-

167 4291 271 4374 ptum
292 4275 340 4348 de
366 4269 529 4368 prodidit
554 4269 739 4367 publicum
766 4265 946 4344 conficere
972 4265 1284 4348 instrumentum.

266 4398 402 4474 amm
428 4391 617 4470 Florentie
651 4395 691 4470 in
727 4391 870 4490 Populo
905 4391 1034 4468 Sande
1063 4391 1177 4470 Lueie
1204 4397 1381 4476 omnium
1407 4371 1560 4492 Sando-

166 4543 247 4598 rum
273 4522 314 4598 in
342 4523 427 4596 loen
447 4515 672 4595 Conventus
693 4515 861 4594 Fratrum
879 4514 1069 4595 Omnium
1092 4519 1314 4598 sanatorum
1339 4525 1563 4624 presentibus

167 4647 313 4727 testibus
338 4643 517 4746 religiofis
549 4641 735 4722 Fratribus
768 4639 894 4724 Fratre
925 4645 1084 4724 Simone
1118 4641 1310 4765 Prepobto
1335 4648 1560 4734 Contentus

1428 4779 1516 4858 Pra-
