4100 5500
415 638 909 717 rnGannnntraos
944 643 1212 723 Conrvrrs
1249 671 1447 726 notras.
1516 667 1584 741 ¹25

232 745 389 834 Bonum
421 764 513 856 pacis
539 767 577 838 dt
604 763 790 838 chariratis
818 768 914 841 inter
943 769 975 844 se
1003 769 1232 846 reforment.
1259 773 1297 848 Si
1327 775 1405 870 quis
1433 796 1519 846 vero
1543 770 1637 843 Prae-

226 887 375 986 posruts
403 889 526 962 minus
563 891 600 962 in
630 891 769 990 Regula
798 892 1000 989 studiosus,
1036 901 1090 972 vel
1126 898 1364 974 sacularibus
1393 899 1497 972 rebus
1526 896 1636 968 nimis

232 1023 429 1110 intentus,
456 1021 585 1093 autin
614 1023 793 1120 aliquibus
820 1045 980 1118 repertus
1006 1023 1115 1102 suerit
1144 1031 1318 1122 vitiosus,
1345 1027 1392 1101 ibi
1420 1025 1634 1098 charitative

227 1129 437 1239 elimetur,
462 1149 499 1222 ἂ
529 1149 771 1240 proclamatus
800 1150 946 1223 veniam
976 1172 1097 1246 petat,
1133 1154 1389 1246 paenitentiam
1418 1150 1479 1225 fibi
1509 1151 1633 1238 iniun-

221 1277 329 1350 θεῶ
358 1274 576 1370 adimpleat.
613 1273 722 1348 Hanc
750 1298 872 1349 autem
902 1276 1233 1372 proclamationem
1261 1275 1417 1361 ¹nonnisi
1447 1275 1630 1372 Praeposrri

228 1401 392 1480 saciant.
419 1401 490 1476 Sed
520 1397 545 1474 sr
572 1394 667 1471 forre
693 1400 815 1497 aliqua
842 1400 1091 1478 controversra
1119 1405 1215 1476 inter
1242 1401 1427 1499 quoslibet
1457 1399 1630 1498 Praeposi-

218 1553 291 1609 eos
317 1525 526 1621 emerserit,
554 1532 590 1604 dt
617 1529 661 1602 de
689 1529 813 1624 aliquo
841 1529 992 1604 illorum
1022 1549 1097 1604 tam
1120 1527 1239 1624 gravis
1258 1530 1362 1623 culpa
1387 1529 1527 1623 prolata
1549 1525 1628 1606 sue.

225 1659 302 1749 rit,
328 1678 369 1732 ut
398 1654 668 1750 suspensionem
700 1659 754 1730 vel
782 1654 1057 1751 depositionem
1095 1675 1301 1747 mereatur,
1335 1655 1510 1754 quidquid
1540 1658 1626 1735 inde

226 1809 250 1859 a
279 1775 455 1879 Capitulo
480 1779 672 1856 definitum
699 1777 832 1872 suerit,
859 1779 935 1855 line
962 1783 1215 1859 retractatione
1242 1781 1363 1879 aliqua
1389 1779 1622 1864 observetur.

227 1910 267 1987 Si
297 1933 387 1985 vero
411 1905 616 1983 diversitate
644 1903 910 1980 sententiarum
941 1907 979 1978 in
1004 1907 1220 1982 discordiam
1257 1903 1425 1994 venerit,
1453 1905 1543 1978 illud
1572 1908 1619 1980 ir-

224 2031 495 2130 refragabiliter
527 2049 722 2121 teneatur,
756 2030 854 2128 quod
889 2027 1086 2104 Dominus
1118 2025 1321 2125 Magister,
1355 2031 1392 2105 bt
1427 2029 1539 2129 liqui
1569 2031 1622 2110 sa·

206 2161 341 2240 'nioris
374 2157 533 2236 confini.
552 2159 818 2253 apparuerinn'a
851 2161 889 2234 dt
924 2155 1043 2249 magis
1072 2155 1238 2246 idonei,
1273 2151 1511 2246 iudicabunt,
1546 2157 1621 2237 hoe

208 2287 440 2378 bissenam,
465 2303 506 2360 ut
535 2287 826 2376 nemo'eorum,
846 2281 889 2356 ad
917 2307 1009 2380 quos
1034 2279 1231 2380 specialiter
1252 2279 1369 2362 caussa
1395 2282 1615 2391 respexerit,

209 2411 435 2491 definitioni
463 2407 592 2486 debeat
621 2403 807 2480 interesse.

482 2579 486 2588 Ι
565 2705 569 2714 ι
676 2625 726 2692 De
752 2618 963 2704 Visstatione.
991 2625 1071 2720 Cap.
1093 2623 1162 2696 ΙΙΙ.

200 2577 526 2990 Vlfilationis
550 2792 801 2887 beneficium,
830 2797 869 2870 in
892 2783 1067 2882 omnibus
1089 2797 1126 2870 dt
1154 2791 1304 2890 lingniis
1330 2793 1517 2874 Domibna
1538 2793 1612 2873 Or·

345 2921 454 2994 dinis
464 2918 655 2998 Dominus
678 2913 853 3017 Magister
877 2945 936 3012 per
959 2919 1138 3016 seipsum,
1161 2941 1223 2998 aut
1247 2947 1306 3016 per
1330 2921 1420 2998 Pers
1413 2937 1509 2998 onas
1520 2925 1608 2998 ido'

199 3055 300 3120 naal
318 3047 480 3120 eledias'
470 3061 521 3121 rn-
530 3045 708 3141 Capitulo
732 3049 889 3143 generali
914 3049 975 3134 (dc
999 3047 1120 3119 nullus
1143 3049 1260 3129 alins)
1282 3047 1325 3119 ad
1349 3050 1471 3124 minus
1497 3048 1607 3125 semel
1633 3043 1637 3052 ’

199 3172 379 3250 iriaanno
404 3170 614 3266 impendere
640 3189 832 3261 teneatur3
857 3177 894 3247 dt
916 3167 941 3244 sr
964 3171 1118 3266 amplius
1139 3195 1197 3243 eas
1222 3170 1443 3264 vibraverit,
1470 3172 1602 3251 vifitatl

202 3290 418 3386 hujusmodi
447 3297 532 3372 inde
556 3301 673 3390 magis
692 3299 895 3388 gaudeant.
926 3295 1137 3372 visitatores
1162 3319 1285 3372 autem
1308 3303 1396 3373 tales
1419 3297 1487 3372 elle
1513 3325 1603 3382 eon.

201 3423 332 3514 venit,
360 3413 400 3494 u't
429 3443 506 3492 non
534 3421 684 3494 credant
713 3419 820 3493 omni
851 3417 1015 3516 spiritui3
1043 3443 1167 3497 tamen
1195 3445 1276 3518 qum
1303 3423 1518 3516 nescierint,
1547 3425 1602 3501 di.

201 3549 360 3644 ligenter
386 3545 602 3642 inquirant,
628 3545 781 3636 cognita
809 3545 1080 3618 rationabiliter
1105 3547 1289 3638 corrigant
1314 3548 1397 3619 zelo
1422 3545 1600 3644 Ordinis,

198 3675 429 3766 &paternae
452 3666 637 3742 chariratis
664 3661 821 3740 affeiiu.
859 3667 1082 3747 Prohibeant
1112 3693 1233 3746 antem
1265 3695 1314 3745 ne
1339 3671 1515 3770 incipiant
1544 3701 1598 3752 re·

202 3797 375 3886 tradate,
396 3817 475 3893 qnae
501 3792 674 3866 noverint
696 3789 810 3886 digne
830 3793 1007 3886 correcta,
1033 3817 1099 3868 nec
1128 3795 1189 3872 fibi
1213 3794 1404 3894 suggerant
1433 3823 1517 3874 nora
1542 3825 1597 3879 re·

196 3945 332 4024 perra,
360 3945 425 3994 nec
452 3921 555 3994 vanis
583 3915 843 4013 suspicionibus
869 3921 1016 3994 animos
1046 3919 1193 3995 Parrum
1224 3926 1280 3997 vel
1310 3922 1482 4002 Fratrum
1512 3925 1594 4004 suo·

196 4049 283 4127 rum
312 4045 489 4122 turbent.
523 4039 633 4142 Qtod
661 4045 686 4121 st
714 4047 793 4144 quis
820 4042 975 4138 feccrit,
1009 4049 1124 4143 digne
1149 4046 1265 4142 ipsum
1294 4053 1517 4144 increpent,
1553 4059 1590 4132 dt

191 4171 391 4269 castigent.
420 4167 643 4245 prohibeant
665 4171 798 4258 etiam,
821 4195 866 4242 ne
893 4194 934 4244 ea
957 4195 1036 4269 quae
1056 4176 1287 4249 emendanda
1314 4180 1587 4274 cognoverint,

189 4299 294 4402 qnasi
329 4301 372 4372 ad
409 4293 524 4384 majus
550 4291 756 4367 scandalum
785 4291 1046 4366 Visrtatoribus
1066 4291 1332 4374 reserventur.
1347 4303 1585 4382 Adhibeant

190 4450 340 4525 quoquc
362 4426 399 4496 in
423 4419 647 4498 saciendaVi
654 4417 825 4496 stratione
845 4419 1077 4514 diligentiam
1099 4425 1297 4500 maximam
1320 4429 1358 4506 bt
1380 4435 1584 4526 cautelam3

190 4559 227 4632 δι
258 4549 411 4625 fideliter
438 4573 477 4622 ac
505 4552 701 4642 prudenter
728 4547 923 4620 intendant
959 4549 1002 4622 ad
1036 4546 1368 4636 conservationem
1393 4563 1511 4654 pacis,
1545 4566 1582 4639 dt

188 4677 426 4777 corrigendos
451 4671 639 4768 excelsus,
673 4677 919 4772 &quantum
946 4693 1150 4772 poterunt,
1178 4675 1272 4755 salva
1298 4676 1584 4760 Ordinis-disci.¹

1417 4813 1537 4908 plina'.
