<?xml version="1.0" encoding="UTF-8"?>
<!DOCTYPE html PUBLIC "-//W3C//DTD XHTML 1.0 Transitional//EN"
    "http://www.w3.org/TR/xhtml1/DTD/xhtml1-transitional.dtd">
<html xmlns="http://www.w3.org/1999/xhtml" xml:lang="en" lang="en">
 <head>
  <title>
</title>
<meta http-equiv="Content-Type" content="text/html;charset=utf-8" />
  <meta name='ocr-system' content='tesseract 3.04.00' />
  <meta name='ocr-capabilities' content='ocr_page ocr_carea ocr_par ocr_line ocrx_word'/>
</head>
<body>
  <div class='ocr_page' id='page_1' title='image "./veterahumiliato00braigoog_0179.png"; bbox 0 0 4100 5500; ppageno 0'>
   <div class='ocr_carea' id='block_1_1' title="bbox 377 558 1874 2054">
    <p class='ocr_par' dir='ltr' id='par_1_1' title="bbox 511 558 1650 652">
     <span class='ocr_line' id='line_1_1' title="bbox 511 558 1650 652; baseline 0.014 -20"><span class='ocrx_word' id='word_1_1' title='bbox 511 558 579 634; x_wconf 89' lang='lat'>168</span> <span class='ocrx_word' id='word_1_2' title='bbox 665 559 1650 652; x_wconf 76' lang='lat' dir='ltr'>HuurrrasonosrConsrrsucronrss</span> 
     </span>
    </p>

    <p class='ocr_par' dir='ltr' id='par_1_2' title="bbox 377 689 1874 2054">
     <span class='ocr_line' id='line_1_2' title="bbox 456 689 1866 794; baseline 0.004 -32"><span class='ocrx_word' id='word_1_3' title='bbox 456 711 506 763; x_wconf 80' lang='lat' dir='ltr'>ex</span> <span class='ocrx_word' id='word_1_4' title='bbox 534 689 616 785; x_wconf 87' lang='lat' dir='ltr'>ipsts</span> <span class='ocrx_word' id='word_1_5' title='bbox 640 717 863 792; x_wconf 89' lang='lat' dir='ltr'>quemquam</span> <span class='ocrx_word' id='word_1_6' title='bbox 899 697 1093 794; x_wconf 77' lang='lat' dir='ltr'>contingat</span> <span class='ocrx_word' id='word_1_7' title='bbox 1126 697 1333 790; x_wconf 84' lang='lat' dir='ltr'>decedere,</span> <span class='ocrx_word' id='word_1_8' title='bbox 1368 698 1527 774; x_wconf 88' lang='lat' dir='ltr'>debeant</span> <span class='ocrx_word' id='word_1_9' title='bbox 1565 698 1721 794; x_wconf 88' lang='lat' dir='ltr'>recipere</span> <span class='ocrx_word' id='word_1_10' title='bbox 1748 693 1866 770; x_wconf 85' lang='lat' dir='ltr'>aliurn</span> 
     </span>
     <span class='ocr_line' id='line_1_3' title="bbox 461 817 1865 928; baseline 0.006 -40"><span class='ocrx_word' id='word_1_11' title='bbox 461 819 546 891; x_wconf 88' lang='lat' dir='ltr'>loco</span> <span class='ocrx_word' id='word_1_12' title='bbox 575 817 650 892; x_wconf 90' lang='lat' dir='ltr'>sui.</span> <span class='ocrx_word' id='word_1_13' title='bbox 676 818 713 895; x_wconf 86' lang='lat' dir='ltr'>Si</span> <span class='ocrx_word' id='word_1_14' title='bbox 737 823 798 918; x_wconf 90' lang='lat' dir='ltr'>qui</span> <span class='ocrx_word' id='word_1_15' title='bbox 822 843 944 899; x_wconf 87' lang='lat' dir='ltr'>autem</span> <span class='ocrx_word' id='word_1_16' title='bbox 966 819 1109 896; x_wconf 82' lang='lat' dir='ltr'>Fratres</span> <span class='ocrx_word' id='word_1_17' title='bbox 1132 847 1196 917; x_wconf 90' lang='lat' dir='ltr'>pro</span> <span class='ocrx_word' id='word_1_18' title='bbox 1222 823 1435 928; x_wconf 89' lang='lat' dir='ltr'>recipiendis</span> <span class='ocrx_word' id='word_1_19' title='bbox 1461 823 1518 896; x_wconf 92' lang='lat' dir='ltr'>his</span> <span class='ocrx_word' id='word_1_20' title='bbox 1539 823 1719 914; x_wconf 88' lang='lat' dir='ltr'>Clericis‚</span> <span class='ocrx_word' id='word_1_21' title='bbox 1744 845 1865 920; x_wconf 89' lang='lat' dir='ltr'>quum</span> 
     </span>
     <span class='ocr_line' id='line_1_4' title="bbox 460 935 1861 1040; baseline 0.003 -22"><span class='ocrx_word' id='word_1_22' title='bbox 460 945 499 1018; x_wconf 90' lang='lat' dir='ltr'>in</span> <span class='ocrx_word' id='word_1_23' title='bbox 528 935 703 1040; x_wconf 86' lang='lat' dir='ltr'>Capitulo</span> <span class='ocrx_word' id='word_1_24' title='bbox 731 942 903 1039; x_wconf 75' lang='lat' dir='ltr'>proposui</span> <span class='ocrx_word' id='word_1_25' title='bbox 931 940 1070 1021; x_wconf 89' lang='lat' dir='ltr'>fuerint</span> <span class='ocrx_word' id='word_1_26' title='bbox 1093 1000 1104 1038; x_wconf 88' lang='lat'>,</span> <span class='ocrx_word' id='word_1_27' title='bbox 1128 946 1337 1022; x_wconf 86' lang='lat' dir='ltr'>consentire</span> <span class='ocrx_word' id='word_1_28' title='bbox 1367 949 1591 1040; x_wconf 89' lang='lat' dir='ltr'>noluerint,</span> <span class='ocrx_word' id='word_1_29' title='bbox 1628 951 1683 1024; x_wconf 85' lang='lat' dir='ltr'>rel</span> <span class='ocrx_word' id='word_1_30' title='bbox 1709 947 1861 1023; x_wconf 88' lang='lat' dir='ltr'>diliole·</span> 
     </span>
     <span class='ocr_line' id='line_1_5' title="bbox 377 1069 1870 1168; baseline 0.003 -25"><span class='ocrx_word' id='word_1_31' title='bbox 377 1135 381 1143; x_wconf 92' lang='grc'><em>,</em></span> <span class='ocrx_word' id='word_1_32' title='bbox 462 1071 563 1162; x_wconf 89' lang='lat' dir='ltr'>rint,</span> <span class='ocrx_word' id='word_1_33' title='bbox 589 1069 798 1142; x_wconf 91' lang='lat' dir='ltr'>dummodo</span> <span class='ocrx_word' id='word_1_34' title='bbox 820 1072 909 1144; x_wconf 90' lang='lat' dir='ltr'>tales</span> <span class='ocrx_word' id='word_1_35' title='bbox 932 1075 1001 1147; x_wconf 90' lang='lat' dir='ltr'>alia</span> <span class='ocrx_word' id='word_1_36' title='bbox 1026 1071 1260 1148; x_wconf 83' lang='lat' dir='ltr'>Constitutio</span> <span class='ocrx_word' id='word_1_37' title='bbox 1285 1097 1363 1146; x_wconf 87' lang='lat' dir='ltr'>non</span> <span class='ocrx_word' id='word_1_38' title='bbox 1391 1073 1609 1168; x_wconf 88' lang='lat' dir='ltr'>prohibeat,</span> <span class='ocrx_word' id='word_1_39' title='bbox 1635 1097 1766 1150; x_wconf 91' lang='lat' dir='ltr'>eorum</span> <span class='ocrx_word' id='word_1_40' title='bbox 1794 1072 1870 1148; x_wconf 89' lang='lat' dir='ltr'>dil·</span> 
     </span>
     <span class='ocr_line' id='line_1_6' title="bbox 463 1193 1870 1298; baseline 0.004 -28"><span class='ocrx_word' id='word_1_41' title='bbox 463 1193 567 1272; x_wconf 90' lang='lat' dir='ltr'>sensu</span> <span class='ocrx_word' id='word_1_42' title='bbox 591 1219 821 1294; x_wconf 76' lang='lat' dir='ltr'>nequaquam</span> <span class='ocrx_word' id='word_1_43' title='bbox 846 1195 1039 1292; x_wconf 86' lang='lat' dir='ltr'>obstante,</span> <span class='ocrx_word' id='word_1_44' title='bbox 1061 1200 1293 1276; x_wconf 91' lang='lat' dir='ltr'>Clericotum</span> <span class='ocrx_word' id='word_1_45' title='bbox 1317 1199 1566 1293; x_wconf 82' lang='lat' dir='ltr'>receptionem</span> <span class='ocrx_word' id='word_1_46' title='bbox 1584 1225 1645 1298; x_wconf 88' lang='lat' dir='ltr'>per</span> <span class='ocrx_word' id='word_1_47' title='bbox 1665 1203 1756 1276; x_wconf 88' lang='lat' dir='ltr'>alios</span> <span class='ocrx_word' id='word_1_48' title='bbox 1780 1201 1870 1276; x_wconf 87' lang='lat' dir='ltr'>Fra·</span> 
     </span>
     <span class='ocr_line' id='line_1_7' title="bbox 463 1320 1871 1418; baseline 0 -17"><span class='ocrx_word' id='word_1_49' title='bbox 463 1347 533 1400; x_wconf 85' lang='lat' dir='ltr'>tres</span> <span class='ocrx_word' id='word_1_50' title='bbox 560 1320 766 1398; x_wconf 87' lang='lat' dir='ltr'>faciendam</span> <span class='ocrx_word' id='word_1_51' title='bbox 791 1327 824 1399; x_wconf 90' lang='lat' dir='ltr'>vi</span> <span class='ocrx_word' id='word_1_52' title='bbox 847 1323 1137 1403; x_wconf 79' lang='lat' dir='ltr'>Constitutionis</span> <span class='ocrx_word' id='word_1_53' title='bbox 1167 1323 1276 1413; x_wconf 82' lang='lat' dir='ltr'>hujus</span> <span class='ocrx_word' id='word_1_54' title='bbox 1305 1326 1423 1398; x_wconf 83' lang='lat' dir='ltr'>valere</span> <span class='ocrx_word' id='word_1_55' title='bbox 1449 1325 1709 1418; x_wconf 86' lang='lat' dir='ltr'>decernimus,</span> <span class='ocrx_word' id='word_1_56' title='bbox 1734 1331 1772 1404; x_wconf 68' lang='grc' dir='ltr'><strong>ἃ</strong></span> <span class='ocrx_word' id='word_1_57' title='bbox 1797 1322 1871 1401; x_wconf 90' lang='lat' dir='ltr'>dis·</span> 
     </span>
     <span class='ocr_line' id='line_1_8' title="bbox 465 1447 1873 1548; baseline -0.001 -20"><span class='ocrx_word' id='word_1_58' title='bbox 465 1451 666 1530; x_wconf 81' lang='lat' dir='ltr'>sentientes</span> <span class='ocrx_word' id='word_1_59' title='bbox 694 1477 780 1530; x_wconf 86' lang='lat' dir='ltr'>voce</span> <span class='ocrx_word' id='word_1_60' title='bbox 818 1455 971 1528; x_wconf 87' lang='lat' dir='ltr'>ulterius</span> <span class='ocrx_word' id='word_1_61' title='bbox 991 1449 1147 1526; x_wconf 87' lang='lat' dir='ltr'>·Fratres</span> <span class='ocrx_word' id='word_1_62' title='bbox 1183 1450 1379 1548; x_wconf 85' lang='lat' dir='ltr'>recipiendi</span> <span class='ocrx_word' id='word_1_63' title='bbox 1406 1453 1442 1528; x_wconf 84' lang='lat' dir='ltr'>dt</span> <span class='ocrx_word' id='word_1_64' title='bbox 1472 1447 1670 1527; x_wconf 73' lang='lat' dir='ltr'>Prolatum</span> <span class='ocrx_word' id='word_1_65' title='bbox 1700 1450 1873 1546; x_wconf 82' lang='lat' dir='ltr'>eligendi</span> 
     </span>
     <span class='ocr_line' id='line_1_9' title="bbox 465 1573 1874 1676; baseline 0.001 -22"><span class='ocrx_word' id='word_1_66' title='bbox 465 1603 514 1654; x_wconf 83' lang='lat' dir='ltr'>ex</span> <span class='ocrx_word' id='word_1_67' title='bbox 542 1603 643 1652; x_wconf 90' lang='lat' dir='ltr'>nunc</span> <span class='ocrx_word' id='word_1_68' title='bbox 669 1599 777 1674; x_wconf 91' lang='lat' dir='ltr'>prout</span> <span class='ocrx_word' id='word_1_69' title='bbox 804 1603 850 1653; x_wconf 85' lang='lat' dir='ltr'>ex</span> <span class='ocrx_word' id='word_1_70' title='bbox 877 1599 964 1652; x_wconf 86' lang='lat' dir='ltr'>tunc</span> <span class='ocrx_word' id='word_1_71' title='bbox 985 1579 1144 1674; x_wconf 82' lang='lat' dir='ltr'>privatus</span> <span class='ocrx_word' id='word_1_72' title='bbox 1171 1573 1238 1653; x_wconf 86' lang='lat' dir='ltr'>esse</span> <span class='ocrx_word' id='word_1_73' title='bbox 1269 1580 1555 1674; x_wconf 83' lang='lat' dir='ltr'>pronuntiamus</span> <span class='ocrx_word' id='word_1_74' title='bbox 1578 1574 1767 1676; x_wconf 87' lang='lat' dir='ltr'>usquequo</span> <span class='ocrx_word' id='word_1_75' title='bbox 1793 1575 1874 1654; x_wconf 86' lang='lat' dir='ltr'>fue·</span> 
     </span>
     <span class='ocr_line' id='line_1_10' title="bbox 467 1697 1869 1800; baseline 0.001 -24"><span class='ocrx_word' id='word_1_76' title='bbox 467 1705 543 1777; x_wconf 90' lang='lat' dir='ltr'>rint</span> <span class='ocrx_word' id='word_1_77' title='bbox 573 1727 634 1800; x_wconf 88' lang='lat' dir='ltr'>per</span> <span class='ocrx_word' id='word_1_78' title='bbox 661 1699 878 1777; x_wconf 87' lang='lat' dir='ltr'>Dominum</span> <span class='ocrx_word' id='word_1_79' title='bbox 907 1700 1128 1795; x_wconf 85' lang='lat' dir='ltr'>Magistrum</span> <span class='ocrx_word' id='word_1_80' title='bbox 1164 1721 1227 1776; x_wconf 87' lang='lat' dir='ltr'>aut</span> <span class='ocrx_word' id='word_1_81' title='bbox 1265 1725 1327 1796; x_wconf 88' lang='lat' dir='ltr'>per</span> <span class='ocrx_word' id='word_1_82' title='bbox 1352 1699 1535 1776; x_wconf 85' lang='lat' dir='ltr'>Generale</span> <span class='ocrx_word' id='word_1_83' title='bbox 1562 1697 1783 1798; x_wconf 75' lang='lat' dir='ltr'>Capitulum</span> <span class='ocrx_word' id='word_1_84' title='bbox 1813 1726 1869 1779; x_wconf 89' lang='lat' dir='ltr'>re·</span> 
     </span>
     <span class='ocr_line' id='line_1_11' title="bbox 471 1817 1872 1924; baseline 0.004 -19"><span class='ocrx_word' id='word_1_85' title='bbox 471 1828 611 1918; x_wconf 83' lang='lat' dir='ltr'>stituti3</span> <span class='ocrx_word' id='word_1_86' title='bbox 633 1829 797 1902; x_wconf 84' lang='lat' dir='ltr'>volentes</span> <span class='ocrx_word' id='word_1_87' title='bbox 819 1827 980 1923; x_wconf 78' lang='lat' dir='ltr'>ptaedisia</span> <span class='ocrx_word' id='word_1_88' title='bbox 1002 1827 1191 1924; x_wconf 87' lang='lat' dir='ltr'>adimpleri</span> <span class='ocrx_word' id='word_1_89' title='bbox 1214 1849 1274 1922; x_wconf 89' lang='lat' dir='ltr'>pet</span> <span class='ocrx_word' id='word_1_90' title='bbox 1291 1823 1465 1900; x_wconf 65' lang='lat' dir='ltr'>Prolatos</span> <span class='ocrx_word' id='word_1_91' title='bbox 1480 1821 1644 1920; x_wconf 81' lang='lat' dir='ltr'>praefatos</span> <span class='ocrx_word' id='word_1_92' title='bbox 1668 1829 1705 1902; x_wconf 90' lang='lat' dir='ltr'>in</span> <span class='ocrx_word' id='word_1_93' title='bbox 1728 1817 1872 1910; x_wconf 76' lang='lat' dir='ltr'>virtute</span> 
     </span>
     <span class='ocr_line' id='line_1_12' title="bbox 471 1943 1708 2054; baseline 0 -28"><span class='ocrx_word' id='word_1_94' title='bbox 471 1956 668 2054; x_wconf 77' lang='lat' dir='ltr'>praecepti,</span> <span class='ocrx_word' id='word_1_95' title='bbox 693 1957 729 2030; x_wconf 82' lang='lat' dir='ltr'>dr</span> <span class='ocrx_word' id='word_1_96' title='bbox 756 1949 930 2026; x_wconf 87' lang='lat' dir='ltr'>omnibus</span> <span class='ocrx_word' id='word_1_97' title='bbox 957 1952 1077 2026; x_wconf 91' lang='lat' dir='ltr'>modis</span> <span class='ocrx_word' id='word_1_98' title='bbox 1102 1948 1233 2049; x_wconf 89' lang='lat' dir='ltr'>quibus</span> <span class='ocrx_word' id='word_1_99' title='bbox 1259 1949 1393 2024; x_wconf 87' lang='lat' dir='ltr'>melius</span> <span class='ocrx_word' id='word_1_100' title='bbox 1420 1943 1539 2024; x_wconf 82' lang='lat' dir='ltr'>valere</span> <span class='ocrx_word' id='word_1_101' title='bbox 1568 1947 1708 2047; x_wconf 84' lang='lat' dir='ltr'>potest.</span> 
     </span>
    </p>
   </div>
   <div class='ocr_carea' id='block_1_2' title="bbox 798 2127 1573 2256">
    <p class='ocr_par' dir='ltr' id='par_1_3' title="bbox 798 2127 1573 2256">
     <span class='ocr_line' id='line_1_13' title="bbox 798 2127 1573 2256; baseline -0.008 -22"><span class='ocrx_word' id='word_1_102' title='bbox 798 2165 850 2234; x_wconf 84' lang='lat' dir='ltr'>De</span> <span class='ocrx_word' id='word_1_103' title='bbox 875 2157 1104 2234; x_wconf 81' lang='lat' dir='ltr'>calceamentis</span> <span class='ocrx_word' id='word_1_104' title='bbox 1130 2149 1171 2238; x_wconf 57' lang='grc' dir='ltr'>ὅ</span> <span class='ocrx_word' id='word_1_105' title='bbox 1197 2153 1361 2256; x_wconf 75' lang='lat' dir='ltr'>caputiis.</span> <span class='ocrx_word' id='word_1_106' title='bbox 1388 2160 1468 2252; x_wconf 84' lang='lat' dir='ltr'>Cap.</span> <span class='ocrx_word' id='word_1_107' title='bbox 1489 2127 1573 2228; x_wconf 75' lang='lat' dir='ltr'>IV.¹</span> 
     </span>
    </p>
   </div>
   <div class='ocr_carea' id='block_1_3' title="bbox 473 2325 1876 3312">
    <p class='ocr_par' dir='ltr' id='par_1_4' title="bbox 518 2325 1876 2433">
     <span class='ocr_line' id='line_1_14' title="bbox 518 2325 1876 2433; baseline -0.008 -13"><span class='ocrx_word' id='word_1_108' title='bbox 518 2338 615 2420; x_wconf 90' lang='lat' dir='ltr'>Tem</span> <span class='ocrx_word' id='word_1_109' title='bbox 644 2339 866 2432; x_wconf 83' lang='lat' dir='ltr'>lietuimus,</span> <span class='ocrx_word' id='word_1_110' title='bbox 899 2333 999 2433; x_wconf 88' lang='lat' dir='ltr'>quod</span> <span class='ocrx_word' id='word_1_111' title='bbox 1024 2334 1069 2409; x_wconf 86' lang='lat' dir='ltr'>de</span> <span class='ocrx_word' id='word_1_112' title='bbox 1095 2350 1225 2409; x_wconf 71' lang='lat' dir='ltr'>cratero</span> <span class='ocrx_word' id='word_1_113' title='bbox 1262 2355 1340 2408; x_wconf 90' lang='lat' dir='ltr'>uon</span> <span class='ocrx_word' id='word_1_114' title='bbox 1377 2329 1483 2406; x_wconf 88' lang='lat' dir='ltr'>liceat</span> <span class='ocrx_word' id='word_1_115' title='bbox 1515 2329 1622 2406; x_wconf 89' lang='lat' dir='ltr'>alicui</span> <span class='ocrx_word' id='word_1_116' title='bbox 1653 2331 1770 2410; x_wconf 83' lang='lat' dir='ltr'>Fratri</span> <span class='ocrx_word' id='word_1_117' title='bbox 1802 2325 1876 2410; x_wconf 85' lang='lat' dir='ltr'>Ot-</span> 
     </span>
    </p>

    <p class='ocr_par' dir='ltr' id='par_1_5' title="bbox 473 2457 1876 3312">
     <span class='ocr_line' id='line_1_15' title="bbox 545 2457 1871 2560; baseline -0.007 -17"><span class='ocrx_word' id='word_1_118' title='bbox 545 2468 642 2543; x_wconf 88' lang='lat' dir='ltr'>dinis</span> <span class='ocrx_word' id='word_1_119' title='bbox 673 2468 830 2540; x_wconf 87' lang='lat' dir='ltr'>calceate</span> <span class='ocrx_word' id='word_1_120' title='bbox 865 2458 927 2537; x_wconf 89' lang='lat' dir='ltr'>seu</span> <span class='ocrx_word' id='word_1_121' title='bbox 961 2481 1106 2560; x_wconf 86' lang='lat' dir='ltr'>portare</span> <span class='ocrx_word' id='word_1_122' title='bbox 1144 2459 1345 2541; x_wconf 81' lang='lat' dir='ltr'>subtulares</span> <span class='ocrx_word' id='word_1_123' title='bbox 1376 2483 1455 2535; x_wconf 88' lang='lat' dir='ltr'>non</span> <span class='ocrx_word' id='word_1_124' title='bbox 1484 2457 1705 2534; x_wconf 87' lang='lat' dir='ltr'>sufficienter</span> <span class='ocrx_word' id='word_1_125' title='bbox 1737 2459 1871 2536; x_wconf 68' lang='lat' dir='ltr'>undos</span> 
     </span>
     <span class='ocr_line' id='line_1_16' title="bbox 477 2582 1873 2684; baseline -0.009 -12"><span class='ocrx_word' id='word_1_126' title='bbox 477 2591 627 2682; x_wconf 81' lang='lat' dir='ltr'>sunzia3</span> <span class='ocrx_word' id='word_1_127' title='bbox 653 2595 690 2670; x_wconf 74' lang='grc' dir='ltr'>ὅ(</span> <span class='ocrx_word' id='word_1_128' title='bbox 716 2585 1026 2668; x_wconf 65' lang='lat' dir='ltr'>contrafacientes*</span> <span class='ocrx_word' id='word_1_129' title='bbox 1044 2610 1091 2664; x_wconf 89' lang='lat' dir='ltr'>eo</span> <span class='ocrx_word' id='word_1_130' title='bbox 1120 2586 1196 2683; x_wconf 90' lang='lat' dir='ltr'>ipso</span> <span class='ocrx_word' id='word_1_131' title='bbox 1223 2585 1294 2662; x_wconf 85' lang='lat' dir='ltr'>stnt</span> <span class='ocrx_word' id='word_1_132' title='bbox 1316 2585 1446 2684; x_wconf 81' lang='lat' dir='ltr'>privati</span> <span class='ocrx_word' id='word_1_133' title='bbox 1467 2607 1557 2660; x_wconf 88' lang='lat' dir='ltr'>voce</span> <span class='ocrx_word' id='word_1_134' title='bbox 1575 2582 1764 2681; x_wconf 76' lang='lat' dir='ltr'>Capitulis</span> <span class='ocrx_word' id='word_1_135' title='bbox 1797 2585 1873 2661; x_wconf 82' lang='lat' dir='ltr'>Ad·</span> 
     </span>
     <span class='ocr_line' id='line_1_17' title="bbox 473 2705 1874 2807; baseline -0.011 -7"><span class='ocrx_word' id='word_1_136' title='bbox 473 2741 671 2802; x_wconf 88' lang='lat' dir='ltr'>mouentes</span> <span class='ocrx_word' id='word_1_137' title='bbox 697 2715 807 2790; x_wconf 88' lang='lat' dir='ltr'>etiam</span> <span class='ocrx_word' id='word_1_138' title='bbox 835 2733 968 2784; x_wconf 87' lang='lat' dir='ltr'>omues</span> <span class='ocrx_word' id='word_1_139' title='bbox 993 2705 1134 2784; x_wconf 87' lang='lat' dir='ltr'>Fratres</span> <span class='ocrx_word' id='word_1_140' title='bbox 1157 2708 1336 2802; x_wconf 89' lang='lat' dir='ltr'>Ordinis,</span> <span class='ocrx_word' id='word_1_141' title='bbox 1362 2707 1460 2807; x_wconf 87' lang='lat' dir='ltr'>quod</span> <span class='ocrx_word' id='word_1_142' title='bbox 1488 2709 1525 2782; x_wconf 90' lang='lat' dir='ltr'>in</span> <span class='ocrx_word' id='word_1_143' title='bbox 1556 2705 1741 2783; x_wconf 85' lang='lat' dir='ltr'>mensuris</span> <span class='ocrx_word' id='word_1_144' title='bbox 1761 2731 1874 2804; x_wconf 86' lang='lat' dir='ltr'>capu·</span> 
     </span>
     <span class='ocr_line' id='line_1_18' title="bbox 474 2831 1872 2935; baseline -0.016 -9"><span class='ocrx_word' id='word_1_145' title='bbox 474 2851 616 2926; x_wconf 79' lang='lat' dir='ltr'>tiorum</span> <span class='ocrx_word' id='word_1_146' title='bbox 642 2849 678 2920; x_wconf 75' lang='lat' dir='ltr'>de</span> <span class='ocrx_word' id='word_1_147' title='bbox 703 2861 924 2934; x_wconf 80' lang='lat' dir='ltr'>capparum,</span> <span class='ocrx_word' id='word_1_148' title='bbox 950 2841 988 2915; x_wconf 80' lang='lat' dir='ltr'>dt</span> <span class='ocrx_word' id='word_1_149' title='bbox 1014 2838 1188 2935; x_wconf 85' lang='lat' dir='ltr'>qualitate</span> <span class='ocrx_word' id='word_1_150' title='bbox 1216 2857 1425 2929; x_wconf 88' lang='lat' dir='ltr'>pannorum</span> <span class='ocrx_word' id='word_1_151' title='bbox 1456 2834 1529 2907; x_wconf 85' lang='lat' dir='ltr'>trle</span> <span class='ocrx_word' id='word_1_152' title='bbox 1557 2831 1759 2910; x_wconf 83' lang='lat' dir='ltr'>adhibeant</span> <span class='ocrx_word' id='word_1_153' title='bbox 1791 2859 1872 2910; x_wconf 72' lang='lat' dir='ltr'>mo·</span> 
     </span>
     <span class='ocr_line' id='line_1_19' title="bbox 473 2955 1876 3063; baseline -0.01 -13"><span class='ocrx_word' id='word_1_154' title='bbox 473 2974 674 3062; x_wconf 88' lang='lat' dir='ltr'>detameo‚</span> <span class='ocrx_word' id='word_1_155' title='bbox 694 2965 793 3063; x_wconf 91' lang='lat' dir='ltr'>quod</span> <span class='ocrx_word' id='word_1_156' title='bbox 816 2965 853 3036; x_wconf 92' lang='lat' dir='ltr'>in</span> <span class='ocrx_word' id='word_1_157' title='bbox 878 2962 1051 3058; x_wconf 80' lang='lat' dir='ltr'>proximis</span> <span class='ocrx_word' id='word_1_158' title='bbox 1077 2958 1356 3038; x_wconf 87' lang='lat' dir='ltr'>Visrtationibus</span> <span class='ocrx_word' id='word_1_159' title='bbox 1373 2955 1552 3034; x_wconf 86' lang='lat' dir='ltr'>faciendis</span> <span class='ocrx_word' id='word_1_160' title='bbox 1576 2955 1772 3036; x_wconf 89' lang='lat' dir='ltr'>Dominus</span> <span class='ocrx_word' id='word_1_161' title='bbox 1793 2959 1876 3036; x_wconf 86' lang='lat' dir='ltr'>Ma·</span> 
     </span>
     <span class='ocr_line' id='line_1_20' title="bbox 474 3083 1876 3201; baseline -0.013 -23"><span class='ocrx_word' id='word_1_162' title='bbox 474 3098 579 3201; x_wconf 79' lang='lat' dir='ltr'>gilles</span> <span class='ocrx_word' id='word_1_163' title='bbox 605 3101 642 3172; x_wconf 87' lang='lat'>&amp;</span> <span class='ocrx_word' id='word_1_164' title='bbox 669 3091 885 3166; x_wconf 86' lang='lat' dir='ltr'>Visttatorcs</span> <span class='ocrx_word' id='word_1_165' title='bbox 913 3113 990 3164; x_wconf 90' lang='lat' dir='ltr'>non</span> <span class='ocrx_word' id='word_1_166' title='bbox 1021 3087 1183 3163; x_wconf 75' lang='lat' dir='ltr'>habeant</span> <span class='ocrx_word' id='word_1_167' title='bbox 1209 3083 1358 3162; x_wconf 86' lang='lat' dir='ltr'>causam</span> <span class='ocrx_word' id='word_1_168' title='bbox 1383 3084 1492 3160; x_wconf 76' lang='lat' dir='ltr'>didiae</span> <span class='ocrx_word' id='word_1_169' title='bbox 1518 3108 1644 3182; x_wconf 75' lang='lat' dir='ltr'>cappas</span> <span class='ocrx_word' id='word_1_170' title='bbox 1670 3088 1706 3162; x_wconf 73' lang='grc' dir='ltr'>δι</span> <span class='ocrx_word' id='word_1_171' title='bbox 1733 3111 1876 3186; x_wconf 86' lang='lat' dir='ltr'>pannos</span> 
     </span>
     <span class='ocr_line' id='line_1_21' title="bbox 478 3209 1168 3312; baseline -0.02 -10"><span class='ocrx_word' id='word_1_172' title='bbox 478 3227 707 3312; x_wconf 86' lang='lat' dir='ltr'>immutare,</span> <span class='ocrx_word' id='word_1_173' title='bbox 735 3218 790 3292; x_wconf 89' lang='lat' dir='ltr'>vel</span> <span class='ocrx_word' id='word_1_174' title='bbox 821 3213 865 3288; x_wconf 87' lang='lat' dir='ltr'>ab</span> <span class='ocrx_word' id='word_1_175' title='bbox 894 3209 974 3312; x_wconf 87' lang='lat' dir='ltr'>ipsrs</span> <span class='ocrx_word' id='word_1_176' title='bbox 1003 3209 1168 3306; x_wconf 84' lang='lat' dir='ltr'>auferte,</span> 
     </span>
    </p>
   </div>
   <div class='ocr_carea' id='block_1_4' title="bbox 687 3405 1665 3498">
    <p class='ocr_par' dir='ltr' id='par_1_6' title="bbox 687 3405 1665 3498">
     <span class='ocr_line' id='line_1_22' title="bbox 687 3405 1665 3498; baseline -0.012 0"><span class='ocrx_word' id='word_1_177' title='bbox 687 3411 1029 3498; x_wconf 84' lang='lat' dir='ltr'><strong>DECIMA</strong></span> <span class='ocrx_word' id='word_1_178' title='bbox 1092 3405 1665 3491; x_wconf 82' lang='lat' dir='ltr'>DISTINCTIO.</span> 
     </span>
    </p>
   </div>
   <div class='ocr_carea' id='block_1_5' title="bbox 483 3580 1877 3928">
    <p class='ocr_par' dir='ltr' id='par_1_7' title="bbox 483 3580 1877 3928">
     <span class='ocr_line' id='line_1_23' title="bbox 483 3580 1877 3928; baseline -0.011 -250"><span class='ocrx_word' id='word_1_179' title='bbox 483 3601 630 3928; x_wconf 79' lang='lat' dir='ltr'>ISrae</span> <span class='ocrx_word' id='word_1_180' title='bbox 649 3593 947 3675; x_wconf 84' lang='lat' dir='ltr'>Constitutiones</span> <span class='ocrx_word' id='word_1_181' title='bbox 971 3586 1202 3686; x_wconf 75' lang='lat' dir='ltr'>infrascriprae</span> <span class='ocrx_word' id='word_1_182' title='bbox 1222 3583 1321 3664; x_wconf 70' lang='lat' dir='ltr'>ledia</span> <span class='ocrx_word' id='word_1_183' title='bbox 1342 3585 1424 3664; x_wconf 88' lang='lat' dir='ltr'>sunt</span> <span class='ocrx_word' id='word_1_184' title='bbox 1444 3586 1482 3659; x_wconf 89' lang='lat' dir='ltr'>in</span> <span class='ocrx_word' id='word_1_185' title='bbox 1500 3580 1677 3680; x_wconf 88' lang='lat' dir='ltr'>Capitulo</span> <span class='ocrx_word' id='word_1_186' title='bbox 1695 3587 1743 3664; x_wconf 85' lang='lat' dir='ltr'>de</span> <span class='ocrx_word' id='word_1_187' title='bbox 1769 3591 1877 3671; x_wconf 85' lang='lat' dir='ltr'>Ron.</span> 
     </span>
    </p>
   </div>
   <div class='ocr_carea' id='block_1_6' title="bbox 481 3707 1881 4074">
    <p class='ocr_par' dir='ltr' id='par_1_8' title="bbox 481 3707 1881 4074">
     <span class='ocr_line' id='line_1_24' title="bbox 584 3707 1873 3816; baseline -0.002 -20"><span class='ocrx_word' id='word_1_188' title='bbox 584 3717 737 3796; x_wconf 88' lang='lat' dir='ltr'>denario</span> <span class='ocrx_word' id='word_1_189' title='bbox 765 3735 870 3787; x_wconf 91' lang='lat' dir='ltr'>anno</span> <span class='ocrx_word' id='word_1_190' title='bbox 898 3707 1062 3784; x_wconf 90' lang='lat' dir='ltr'>Domini</span> <span class='ocrx_word' id='word_1_191' title='bbox 1092 3709 1291 3785; x_wconf 88' lang='lat' dir='ltr'>millestmo</span> <span class='ocrx_word' id='word_1_192' title='bbox 1315 3707 1572 3786; x_wconf 85' lang='lat' dir='ltr'>trecentesimo</span> <span class='ocrx_word' id='word_1_193' title='bbox 1593 3715 1873 3816; x_wconf 84' lang='lat' dir='ltr'>quadragesrmo</span> 
     </span>
     <span class='ocr_line' id='line_1_25' title="bbox 588 3835 1881 3935; baseline 0.002 -15"><span class='ocrx_word' id='word_1_194' title='bbox 588 3845 723 3935; x_wconf 87' lang='lat' dir='ltr'>tertio,</span> <span class='ocrx_word' id='word_1_195' title='bbox 748 3835 977 3916; x_wconf 81' lang='lat' dir='ltr'>confirmatae</span> <span class='ocrx_word' id='word_1_196' title='bbox 1004 3838 1041 3912; x_wconf 90' lang='lat' dir='ltr'>in</span> <span class='ocrx_word' id='word_1_197' title='bbox 1069 3836 1248 3934; x_wconf 89' lang='lat' dir='ltr'>Capirulo</span> <span class='ocrx_word' id='word_1_198' title='bbox 1267 3839 1312 3914; x_wconf 93' lang='lat' dir='ltr'>de</span> <span class='ocrx_word' id='word_1_199' title='bbox 1336 3839 1484 3934; x_wconf 85' lang='lat' dir='ltr'>Ripalta</span> <span class='ocrx_word' id='word_1_200' title='bbox 1506 3845 1543 3920; x_wconf 74' lang='grc' dir='ltr'>δι</span> <span class='ocrx_word' id='word_1_201' title='bbox 1564 3837 1687 3920; x_wconf 85' lang='lat' dir='ltr'>Brixia</span> <span class='ocrx_word' id='word_1_202' title='bbox 1705 3845 1752 3922; x_wconf 86' lang='lat' dir='ltr'>de</span> <span class='ocrx_word' id='word_1_203' title='bbox 1778 3867 1881 3924; x_wconf 84' lang='lat' dir='ltr'>enno</span> 
     </span>
     <span class='ocr_line' id='line_1_26' title="bbox 481 3962 1478 4074; baseline -0.008 -26"><span class='ocrx_word' id='word_1_204' title='bbox 481 3965 763 4074; x_wconf 80' lang='lat' dir='ltr'>quadragesrmo</span> <span class='ocrx_word' id='word_1_205' title='bbox 788 3983 920 4062; x_wconf 83' lang='lat' dir='ltr'>quarto</span> <span class='ocrx_word' id='word_1_206' title='bbox 946 3965 982 4039; x_wconf 81' lang='lat' dir='ltr'>dc</span> <span class='ocrx_word' id='word_1_207' title='bbox 1010 3962 1291 4062; x_wconf 84' lang='lat' dir='ltr'>quadregesrrno</span> <span class='ocrx_word' id='word_1_208' title='bbox 1315 3964 1478 4061; x_wconf 85' lang='lat' dir='ltr'>quinto.</span> 
     </span>
    </p>
   </div>
   <div class='ocr_carea' id='block_1_7' title="bbox 718 4161 1767 4269">
    <p class='ocr_par' dir='ltr' id='par_1_9' title="bbox 718 4161 1767 4269">
     <span class='ocr_line' id='line_1_27' title="bbox 718 4161 1767 4269; baseline 0.003 -25"><span class='ocrx_word' id='word_1_209' title='bbox 718 4171 772 4244; x_wconf 84' lang='lat' dir='ltr'>De</span> <span class='ocrx_word' id='word_1_210' title='bbox 797 4163 977 4266; x_wconf 72' lang='lat' dir='ltr'>provisore</span> <span class='ocrx_word' id='word_1_211' title='bbox 1003 4161 1303 4258; x_wconf 69' lang='lat' dir='ltr'>arefaciendam</span> <span class='ocrx_word' id='word_1_212' title='bbox 1326 4167 1483 4266; x_wconf 81' lang='lat' dir='ltr'>pecunia.</span> <span class='ocrx_word' id='word_1_213' title='bbox 1510 4173 1592 4269; x_wconf 80' lang='lat' dir='ltr'>Cap.</span> <span class='ocrx_word' id='word_1_214' title='bbox 1617 4173 1647 4247; x_wconf 78' lang='lat'>1.</span> <span class='ocrx_word' id='word_1_215' title='bbox 1763 4193 1767 4200; x_wconf 88' lang='grc'><em>·</em></span> 
     </span>
    </p>
   </div>
   <div class='ocr_carea' id='block_1_8' title="bbox 484 4339 1879 4694">
    <p class='ocr_par' dir='ltr' id='par_1_10' title="bbox 484 4339 1879 4694">
     <span class='ocr_line' id='line_1_28' title="bbox 531 4339 1878 4448; baseline -0.001 -20"><span class='ocrx_word' id='word_1_216' title='bbox 531 4349 625 4428; x_wconf 87' lang='lat' dir='ltr'>Tem</span> <span class='ocrx_word' id='word_1_217' title='bbox 648 4339 870 4433; x_wconf 80' lang='lat' dir='ltr'>delinimus,</span> <span class='ocrx_word' id='word_1_218' title='bbox 892 4345 928 4419; x_wconf 81' lang='lat' dir='ltr'>de</span> <span class='ocrx_word' id='word_1_219' title='bbox 953 4341 1220 4439; x_wconf 85' lang='lat' dir='ltr'>approbamus,</span> <span class='ocrx_word' id='word_1_220' title='bbox 1239 4341 1336 4442; x_wconf 90' lang='lat' dir='ltr'>quod</span> <span class='ocrx_word' id='word_1_221' title='bbox 1360 4345 1460 4419; x_wconf 88' lang='lat' dir='ltr'>nulla</span> <span class='ocrx_word' id='word_1_222' title='bbox 1478 4343 1696 4440; x_wconf 83' lang='lat' dir='ltr'>dispensatio</span> <span class='ocrx_word' id='word_1_223' title='bbox 1718 4349 1776 4424; x_wconf 83' lang='lat' dir='ltr'>vel</span> <span class='ocrx_word' id='word_1_224' title='bbox 1800 4370 1878 4448; x_wconf 82' lang='lat' dir='ltr'>pro·</span> 
     </span>
     <span class='ocr_line' id='line_1_29' title="bbox 557 4463 1879 4572; baseline -0.002 -22"><span class='ocrx_word' id='word_1_225' title='bbox 557 4475 649 4553; x_wconf 85' lang='lat' dir='ltr'>visto</span> <span class='ocrx_word' id='word_1_226' title='bbox 676 4473 980 4550; x_wconf 76' lang='lat' dir='ltr'>vestimentorum</span> <span class='ocrx_word' id='word_1_227' title='bbox 1012 4469 1071 4540; x_wconf 88' lang='lat' dir='ltr'>vel</span> <span class='ocrx_word' id='word_1_228' title='bbox 1097 4467 1433 4541; x_wconf 87' lang='lat' dir='ltr'>calceamentorum</span> <span class='ocrx_word' id='word_1_229' title='bbox 1469 4463 1531 4542; x_wconf 84' lang='lat' dir='ltr'>fiat</span> <span class='ocrx_word' id='word_1_230' title='bbox 1561 4469 1598 4544; x_wconf 93' lang='lat' dir='ltr'>in</span> <span class='ocrx_word' id='word_1_231' title='bbox 1634 4471 1795 4548; x_wconf 77' lang='lat' dir='ltr'>denariis</span> <span class='ocrx_word' id='word_1_232' title='bbox 1823 4497 1879 4572; x_wconf 87' lang='lat' dir='ltr'>per</span> 
     </span>
     <span class='ocr_line' id='line_1_30' title="bbox 484 4585 1878 4694; baseline -0.007 -11"><span class='ocrx_word' id='word_1_233' title='bbox 484 4603 733 4683; x_wconf 83' lang='lat' dir='ltr'>Contentum</span> <span class='ocrx_word' id='word_1_234' title='bbox 760 4595 911 4672; x_wconf 84' lang='lat' dir='ltr'>Ordinis</span> <span class='ocrx_word' id='word_1_235' title='bbox 935 4621 946 4686; x_wconf 67' lang='grc' dir='ltr'>ς</span> <span class='ocrx_word' id='word_1_236' title='bbox 979 4585 1259 4690; x_wconf 67' lang='lat' dir='ltr'>&amp;Propositus</span> <span class='ocrx_word' id='word_1_237' title='bbox 1286 4590 1343 4668; x_wconf 85' lang='lat' dir='ltr'>vel</span> <span class='ocrx_word' id='word_1_238' title='bbox 1370 4587 1533 4668; x_wconf 87' lang='lat' dir='ltr'>Prelatus</span> <span class='ocrx_word' id='word_1_239' title='bbox 1564 4616 1605 4670; x_wconf 86' lang='lat' dir='ltr'>ac</span> <span class='ocrx_word' id='word_1_240' title='bbox 1630 4591 1878 4694; x_wconf 80' lang='lat' dir='ltr'>Genesarius,</span> 
     </span>
    </p>
   </div>
   <div class='ocr_carea' id='block_1_9' title="bbox 1784 4725 1827 4804">
    <p class='ocr_par' dir='ltr' id='par_1_11' title="bbox 1784 4725 1827 4804">
     <span class='ocr_line' id='line_1_31' title="bbox 1784 4725 1827 4804; baseline 0.07 -3"><span class='ocrx_word' id='word_1_241' title='bbox 1784 4725 1827 4804; x_wconf 85' lang='lat' dir='ltr'>iu</span> 
     </span>
    </p>
   </div>
   <div class='ocr_carea' id='block_1_10' title="bbox 0 0 2088 5500">
    <p class='ocr_par' dir='ltr' id='par_1_12' title="bbox 0 0 2088 5500">
     <span class='ocr_line' id='line_1_32' title="bbox 0 0 2088 5500; baseline 0 0"><span class='ocrx_word' id='word_1_242' title='bbox 0 0 2088 5500; x_wconf 95' lang='lat' dir='ltr'> </span> 
     </span>
    </p>
   </div>
  </div>
 </body>
</html>
