4100 5500
382 641 1170 722 rtthrtcuAtranaCourrtrs
1207 665 1409 724 sorra.
1478 659 1546 716 ιιι

178 767 320 862 cedat,
346 772 535 848 &locum
564 771 627 846 srbi
653 773 761 870 eligat
787 774 832 849 ad
858 777 1117 854 manendum:
1153 775 1321 874 alioquin
1350 768 1469 869 ipsum
1498 787 1603 840 amo·

187 895 303 970 rendi
331 893 375 970 ab
402 891 538 970 Officio
565 895 718 974 liberam
750 897 913 976 habeant
945 895 1187 976 facultatem.
1225 895 1348 975 Ccffio
1373 911 1499 971 autem
1527 886 1606 981 ejus

188 1041 275 1097 ooo
301 1021 518 1097 admittatur
544 1047 564 1099 a
591 1019 892 1118 Definitoribus,
928 1023 998 1100 nist
1027 1021 1077 1100 ob
1102 1019 1286 1118 defeilum
1321 1025 1376 1100 vel
1413 1022 1603 1120 impoten-

188 1150 309 1242 tiam,
329 1173 410 1250 que
429 1145 547 1248 ipsum
575 1147 620 1226 ab
644 1145 782 1227 Officio
807 1151 1041 1250 Magistratus
1069 1167 1244 1250 perpetuo
1270 1147 1487 1248 impediret.
1516 1141 1604 1220 Per·

185 1297 345 1376 petuurn
371 1295 498 1354 autem
523 1276 710 1376 dicimus,
735 1281 836 1382 quod
863 1278 1097 1360 Definitores
1119 1279 1165 1358 de
1189 1274 1349 1356 confilio
1376 1275 1603 1376 prudentum

184 1401 426 1496 iudicabunt.

670 1618 722 1688 na
747 1613 925 1693 uovrrtts.
948 1569 1032 1717 cap.
1052 1619 1118 1693 rx.
1205 1589 1212 1615 ”

185 1782 448 1968 NOvitius
474 1786 519 1864 ad
546 1783 732 1864 Ordinem
762 1791 991 1889 recipiendus
1010 1769 1241 1870 erratuinetut
1265 1786 1311 1866 de
1335 1781 1424 1867 Fide
1448 1782 1595 1864 Catho-

326 1916 396 1993 lica
419 1971 432 2012 ,
457 1921 495 1996 dt
519 1917 565 1992 dc
588 1915 844 1997 Ecclesrallicis
869 1921 1145 1999 sacramentis:
1178 1917 1425 1998 Erratttinetur
1452 1913 1479 1990 st
1506 1933 1595 1990 curn

182 2039 311 2140 aliqua
338 2044 462 2138 palam
488 2045 545 2120 trel
571 2044 712 2121 occulte
739 2050 924 2123 contraxit
945 2071 1010 2146 per
1035 2045 1144 2126 verba
1170 2045 1215 2120 dc
1244 2043 1436 2141 praesenti,
1464 2043 1522 2116 rel
1548 2039 1610 2116 dew

181 2162 340 2264 fiunto,
364 2193 476 2270 quarn
503 2165 624 2270 postea
654 2170 853 2247 carnaliter
870 2173 1067 2273 cognorit,
1092 2175 1130 2252 dt
1151 2169 1178 2247 st
1201 2169 1271 2265 stc,
1296 2167 1455 2269 qualiter
1480 2163 1594 2244 luerit

181 2293 369 2392 separatus
394 2295 439 2372 ab
463 2317 539 2389 ea,
573 2291 600 2370 sr
627 2295 774 2372 alterius
802 2295 1011 2398 Religionis
1038 2300 1095 2378 vel
1121 2297 1275 2375 Ordinis
1311 2293 1356 2372 fic
1383 2287 1593 2381 Professus,

180 2417 216 2500 fi
242 2421 287 2500 lit
314 2423 529 2521 legitimus,
555 2416 584 2496 fr
610 2418 731 2496 servus
759 2419 838 2516 fit,
865 2421 892 2499 fi
918 2423 1079 2519 debitis,
1107 2425 1164 2502 rel
1192 2418 1398 2511 ratiociniis
1426 2417 1471 2497 lit
1497 2415 1594 2496 obli·

176 2571 311 2655 grttns;
338 2549 367 2630 fi
392 2536 649 2630 infirmitatem
675 2553 808 2633 habeat
835 2559 1026 2658 aliquant,
1054 2562 1111 2634 vel
1136 2582 1285 2657 pravam
1311 2557 1476 2652 corporis
1503 2577 1594 2653 qun·

180 2684 356 2778 litatem,
380 2701 666 2784 propterquam
695 2681 797 2761 fieret
823 2687 905 2762 aliis
925 2679 1131 2782 onerosus,
1156 2683 1183 2762 ii
1213 2681 1425 2763 membrum
1453 2679 1589 2760 habeat

175 2807 332 2910 aliquod
357 2809 601 2906 mutilatum,
621 2814 686 2889 uel
713 2809 879 2890 inefficax
900 2837 1053 2916 qttoqtto
1077 2811 1216 2905 modo,
1243 2809 1270 2887 fi
1293 2813 1414 2913 aliqua
1437 2826 1590 2886 excom·

177 2933 440 3014 municarionc
461 2932 506 3013 fit
525 2937 685 3036 ligatus.
705 2937 872 3016 Clericus
885 2963 973 3016 vero
986 2939 1078 3014 circa
1094 2934 1374 3032 irregularitatis
1387 2937 1588 3014 articulum

177 3061 383 3164 specialiter
408 3065 650 3166 exquiratur.
685 3063 737 3142 Et
757 3067 916 3144 tandem
942 3066 1117 3145 addanae
1142 3068 1182 3144 in
1207 3065 1427 3163 Capitulum
1453 3118 1467 3158 ,
1499 3085 1588 3160 pto·

173 3187 315 3269 sternat
339 3189 376 3266 se
403 3210 491 3268 ante
516 3192 625 3289 pedes
649 3189 837 3289 Propofiti
866 3193 923 3269 rel
949 3189 1130 3285 Praelati,
1165 3217 1186 3268 a
1220 3215 1299 3292 quo
1333 3191 1585 3286 interrogatus

173 3315 265 3416 quid
286 3335 451 3416 quartat,
472 3315 712 3414 respondeat:
737 3320 806 3393 Dei
823 3315 1149 3414 misericordiam&
1168 3313 1317 3401 velitum
1327 3345 1344 3408 ,·
1368 3313 1444 3394 Cui
1464 3315 1588 3394 steilo

173 3437 395 3539 Prapofirus
409 3443 464 3518 vel
481 3439 681 3518 Praelatust
705 3443 773 3538 Qui
791 3445 889 3543 coepr't
910 3445 947 3520 in
965 3461 1022 3537 te,
1042 3445 1112 3542 ipse
1130 3445 1313 3543 perficiat-.-
1340 3443 1389 3520 Et
1410 3439 1588 3540 responso

174 3567 443 3662 eConrcntn,
466 3574 595 3646 Amen:
618 3569 772 3644 inclinar
793 3569 855 3664 le,
876 3575 912 3650 dt
935 3569 1267 3648 recedentducntur
1289 3571 1334 3645 nd
1351 3567 1587 3666 hospitium.

174 3691 310 3775 Tertio
333 3695 392 3774 die
416 3694 524 3773 detur
548 3691 620 3772 srbi'*
640 3693 809 3790 habitus,
836 3699 874 3775 dt
900 3696 948 3773 ab
971 3695 1058 3772 inde
1081 3689 1276 3795 incipiatur
1296 3706 1425 3774 atrn'ns
1445 3699 1585 3797 proba

173 3825 323 3904 tionis.
351 3823 489 3902 lisdem
512 3821 649 3917 horis,
673 3821 805 3924 quibus
830 3821 893 3901 alii
919 3819 1063 3900 Fratres
1085 3879 1097 3918 ,
1119 3827 1160 3903 dt
1185 3849 1271 3903 curn
1298 3827 1355 3904 cis
1377 3825 1523 3902 radant·
1539 3825 1586 3922 ad

172 3947 401 4045 Eccleliatn,
427 3969 657 4049 operentur,
682 3952 833 4047 legant,
855 3945 1072 4048 animiam,
1101 3959 1138 4033 dt
1161 3951 1374 4054 quiescant,
1396 3952 1490 4029 clitis
1516 3973 1578 4030 vei

173 4081 348 4178 scantur,
375 4085 412 4160 dt
439 4077 573 4180 pannis
598 4080 798 4156 induantur
818 4078 981 4156 eisdem.
1005 4079 1210 4160 Genucium
1232 4083 1274 4158 dt·
1290 4077 1446 4158 hodella
1464 4099 1579 4166 erunt

172 4213 221 4291 de
246 4211 431 4304 verdeto,
451 4199 523 4284 'tel
557 4205 603 4280 de
636 4203 806 4281 beretino
831 4209 922 4298 (6),
956 4205 1000 4281 ad
1025 4204 1275 4283 differentiam
1305 4203 1579 4282 mecisomm.

164 4335 322 4422 Prosell'r
360 4335 511 4412 alterius
534 4330 686 4408 Ordinis
713 4335 928 4410 nullatenus
945 4334 1167 4426 recipiantur
1193 4333 1236 4407 iit
1258 4330 1402 4412 Ordine
1428 4332 1586 4412 nostros

168 4493 241 4552 nec
260 4467 375 4546 etiarn
397 4487 464 4562 pro
482 4459 696 4562 Capelianis
714 4461 755 4538 in
776 4458 938 4540 secundo
957 4461 1120 4556 ordine,
1142 4457 1219 4539 stne
1240 4461 1389 4542 licentia
1412 4461 1578 4540 Domini

523 4589 527 4600 ’
1446 4587 1530 4666 Ma·

166 4789 210 4866 (ι)
228 4785 323 4859 liuius
339 4777 509 4844 discriminis
525 4778 557 4836 la
573 4773 693 4836 renium
712 4771 805 4832 colare
821 4770 959 4830 ratium
977 4765 1017 4828 V.
1032 4765 1104 4828 Vol.
1120 4765 1145 4825 l.
1163 4779 1229 4841 pag.
1248 4783 1294 4837 ap.
