3970 6230
535 551 606 628 am
823 576 827 587 ·
964 531 1403 614 Cuaourcou

588 657 632 735 ln
662 655 859 755 Vercellis,
884 684 989 739 erant
1015 665 1149 739 domus
1175 664 1345 741 Fratrum
1371 687 1457 739 cum
1487 659 1556 738 suis
1580 648 1886 736 Humiliatabusr

488 785 592 862 dua:
619 789 800 866 Caennbia
826 789 1100 888 Religinsarum
1129 815 1192 888 per
1218 793 1252 869 se
1277 815 1384 870 erant
1412 811 1578 868 unum:

594 910 638 989 In
668 915 788 990 Casaii
817 917 852 992 S.
879 913 1028 1009 Evasri,
1057 937 1165 993 erant
1192 919 1326 994 domus
1350 917 1518 994 Fratrum
1546 939 1631 992 cum
1665 894 1741 988 suis
1764 905 1885 984 Mona·

488 1040 650 1134 chabus,
677 1065 825 1116 unum:
849 1039 1029 1118 Canobin
1057 1043 1334 1141 Religiosarum
1363 1069 1424 1141 per
1451 1039 1487 1122 se
1513 1061 1621 1120 erant
1650 1063 1800 1116 unum.

599 1165 644 1240 In
675 1163 872 1259 Ciavasm,
900 1166 938 1240 in
966 1164 1139 1260 Turino‚
1166 1168 1204 1242 in
1232 1165 1519 1261 Mouchalerin,
1546 1169 1586 1242 in
1615 1165 1821 1256 Pinarnlo,
1852 1167 1882 1239 iit

495 1287 535 1364 in
565 1289 694 1385 Alba,
729 1309 836 1400 erant
863 1293 902 1367 iu
932 1308 1014 1383 tuto
1038 1293 1172 1368 domus
1198 1289 1374 1369 Fratrum
1408 1315 1491 1368 cum
1520 1291 1591 1368 suis
1617 1287 1888 1381 Monarhtbus,

481 1442 685 1514 numque.

596 1545 644 1621 In
674 1543 766 1637 Ast,
792 1561 898 1618 erant
925 1541 1059 1618 domur
1085 1539 1256 1620 Fratrum
1278 1569 1370 1622 ,cum
1397 1544 1466 1623 suis
1487 1545 1777 1646 Religiosabus,
1802 1545 1885 1620 dua.

598 1669 644 1744 ln
676 1669 924 1760 Alexandria,
950 1687 1058 1744 etant
1083 1669 1219 1748 domus
1247 1669 1419 1748 Fratrum
1445 1697 1529 1749 cum
1558 1673 1630 1750 suis
1648 1670 1883 1757 Dominabur,

496 1821 686 1900 qumque.

600 1923 646 1999 ln
662 1921 803 2022 Aquis,
831 1939 937 1997 erant
963 1919 1097 1996 domur
1112 1919 1280 1998 Fratrum
1306 1945 1392 1999 cum
1419 1921 1881 2014 suisHumriiatabus,uua,

600 2047 647 2124 Iu
676 2046 821 2144 Janua,
845 2063 950 2122 erant
975 2045 1108 2120 domus
1123 2045 1293 2122 Fratrum
1319 2069 1403 2122 cum
1432 2045 1502 2122 suis
1517 2046 1775 2142 Moniaiibus,
1795 2048 1879 2122 dua.

534 2201 537 2210 ’
602 2175 649 2252 In
676 2173 880 2268 Terdnua,
907 2192 1011 2250 erant
1035 2173 1170 2250 domus
1197 2171 1368 2249 fratrum
1405 2197 1492 2250 cum
1519 2167 1589 2252 inis
1618 2173 1879 2272 Religinstbus,

496 2301 605 2384 dum.

606 2429 654 2508 Iu
680 2429 829 2528 Papia,
867 2446 973 2506 erant
996 2425 1148 2503 domus
1183 2426 1353 2503 Fratrum
1393 2449 1478 2504 rum
1515 2423 1587 2505 suis
1621 2421 1878 2512 Monachabur,

503 2584 597 2658 tres:
630 2559 810 2638 Caenobia
837 2549 1109 2652 Religiosarum
1138 2575 1200 2649 per
1228 2550 1262 2630 se
1288 2536 1393 2631 eran't
1423 2556 1516 2631 tria.

609 2687 655 2764 Iu
685 2686 838 2776 Laude,
873 2699 980 2757 erant
1013 2679 1148 2753 domus
1175 2675 1346 2754 Fratrum
1385 2705 1471 2756 cum
1509 2677 1579 2757 suis
1607 2671 1877 2762 Httmiiiatabur,

506 2831 688 2914 quatuor:
716 2807 896 2886 Cauobia
923 2803 1200 2897 Religiosarum
1225 2821 1332 2877 erant
1360 2825 1421 2897 per
1450 2799 1482 2878 se
1511 2802 1675 2900 septem.

610 2939 658 3015 In
686 2935 902 3027 Cremona,
930 2948 1037 3007 erant
1063 2929 1198 3004 domus
1225 2923 1397 3003 Fratrum
1424 2933 1509 3005 cum
1537 2929 1606 3007 suis
1633 2924 1872 3028 Religinstbus‚

503 3063 697 3162 quinque.

611 3189 657 3266 In
685 3182 805 3264 Casaii
833 3175 998 3268 Maiori,
1021 3192 1126 3252 erant
1151 3173 1285 3250 domus
1311 3171 1480 3252 Fratrum
1507 3201 1591 3254 cum
1619 3177 1694 3260 suis
1718 3173 1872 3258 Domina·

505 3323 598 3417 bus,
625 3341 718 3396 tres:
745 3307 924 3412 Carnobia
953 3302 1228 3402 Religiosarurn
1256 3326 1317 3400 per
1346 3303 1380 3382 se
1407 3328 1512 3383 erant
1539 3334 1686 3386 uuum.

619 3446 664 3523 Iu
694 3437 906 3530 Placentia,
931 3449 1039 3508 eraut
1063 3427 1199 3506 domus
1225 3427 1395 3508 Fratrum
1419 3453 1506 3508 cum
1532 3427 1603 3510 suis
1629 3425 1871 3512 Menambis,

512 3577 669 3775 duae'Iu
697 3689 944 3780 Fiorenzoia‚
971 3687 1008 3762 in
1037 3682 1203 3774 Parma,
1241 3677 1279 3756 in
1307 3677 1498 3776 Burgus.
1524 3681 1709 3779 Donini,
1744 3683 1779 3758 in
1802 3671 1876 3750 Rhe·
1931 3697 1932 3711 ἢ

363 3793 365 3798 ¹
517 3825 607 3927 gio,
634 3825 671 3898 in
702 3819 890 3908 Modera,
919 3819 956 3892 ὅ(
983 3815 1022 3889 in
1050 3809 1251 3901 Bononia,
1276 3822 1381 3882 erant
1408 3805 1448 3879 in
1476 3825 1560 3884 torn
1585 3809 1719 3888 dumus
1741 3807 1880 3883 Fratrum

516 3949 602 4028 c'utn
631 3945 701 4023 suia
727 3937 1027 4026 Humiliatabus,
1054 3933 1138 4010 sex.
1928 3997 1929 4039 1

624 4073 671 4150 in
699 4067 848 4158 Brixia,
872 4067 910 4142 it
939 4063 976 4138 in
1005 4055 1190 4151 Dincest,
1226 4075 1332 4133 erant
1367 4052 1501 4132 domus
1525 4053 1695 4138 Fratrum
1727 4077 1800 4136 curn
1823 4045 1871 4124 init
1927 4087 1928 4147 ,

520 4163 781 4281 Monachirbus
797 4251 807 4288 ,
834 4187 1072 4292 quindecim.
1926 4177 1927 4259 i

624 4329 670 4405 In
684 4322 843 4401 Mantua
857 4337 988 4411 ‚erant
1013 4315 1146 4388 damus
1158 4310 1330 4386 Fratrum
1349 4331 1435 4383 rum
1458 4306 1869 4407 sursuettgrosrbusma.

623 4453 668 4530 ln
685 4451 861 4533 Verona,
886 4443 923 4518 ἀ
944 4434 1123 4530 Diacesr,
1151 4455 1257 4515 eraut
1282 4433 1417 4511 domus
1445 4431 1615 4512 Fratrum
1641 4461 1724 4517 cum
1749 4426 1871 4510 sursum

521 4579 743 4685 ligioiabus,
771 4572 918 4650 decern.

1779 4671 1877 4749 ·1n*
