4100 5500
515 551 590 640 164
678 527 1657 630 HunitiironnttConscirn'riostss

460 667 614 754 majoris
628 676 761 767 partis3
784 677 976 754 Dominus
1002 674 1174 777 Magister
1195 697 1280 752 cum
1304 672 1561 750 Vifitatotibus
1581 671 1742 762 ejusdem
1763 664 1868 748 eam·

464 793 552 868 dent
583 793 852 891 separationem
881 802 1020 897 faciat,
1047 801 1226 899 deputatis
1253 797 1479 892 Sororibus,
1505 800 1543 876 dc
1568 821 1695 874 earum
1721 797 1872 906 cuilibet

465 924 509 1000 in
537 921 610 995 vita
638 920 698 998 sita
720 928 911 1004 alimentis
932 925 1222 1024 competentibus
1244 922 1442 1000 secundum
1470 921 1684 1000 facultatem
1709 922 1872 1012 eiusdem

466 1043 648 1138 Domus,
675 1049 926 1144 intelligentes
953 1049 1220 1148 separationem
1250 1048 1454 1144 prudisiam
1482 1049 1601 1124 taliter
1629 1046 1737 1139 fieri,
1764 1049 1865 1146 quod

464 1173 568 1246 locus
591 1171 829 1250 habitationis
849 1177 1031 1250 dissitum
1051 1176 1232 1251 Sororum
1253 1171 1394 1250 dilicta
1415 1177 1499 1250 loco
1521 1173 1721 1266 Fratrum,
1744 1200 1764 1251 a
1787 1177 1868 1274 qui·

466 1295 533 1372 bus
547 1292 686 1371 fuerint
702 1294 892 1394 separetis,
913 1299 955 1372 ad
981 1301 1104 1373 minus
1126 1323 1187 1394 per
1208 1298 1354 1376 brachia
1371 1298 1665 1402 quinquaginta,
1684 1303 1723 1378 bt
1736 1296 1867 1378 stltent

468 1433 546 1500 una
573 1418 678 1497 iliata
705 1419 848 1518 publica
879 1419 987 1496 stin
1016 1421 1168 1497 medio.
1757 1438 1759 1446 ·

897 1630 949 1700 De
974 1626 1232 1726 Proprietnriir.
1259 1631 1341 1726 Cap.
1364 1631 1446 1704 VII.

469 1773 611 1964 ITem
630 1795 855 1894 definimus,
880 1805 916 1880 ἃ
937 1802 1178 1893 ordinamus,
1204 1801 1302 1899 quod
1324 1799 1516 1912 Dominus
1540 1801 1741 1900 Magister,
1767 1827 1861 1904 quo·
1894 1854 1899 1862 -

545 1929 767 2032 tirscumque
795 1957 881 2010 eum
908 1935 1107 2032 contigerit
1136 1931 1278 2008 visitare
1311 1931 1472 2030 aliquem
1495 1929 1779 2022 Contentum,
1817 1950 1867 2008 te·

465 2075 593 2144 neatur
619 2051 736 2142 Iacere
764 2054 953 2151 specialem
977 2055 1260 2156 inquisitionem
1284 2055 1417 2132 eontra
1442 2055 1731 2156 proprietarios,
1757 2061 1795 2133 bt
1816 2055 1868 2133 se·

467 2180 633 2254 cundum
655 2181 872 2278 qualitatem
893 2179 952 2254 seu
974 2179 1220 2256 diterfitatem
1245 2181 1471 2274 modorum,
1496 2205 1557 2275 per
1577 2158 1671 2280 quos
1688 2179 1769 2278 ipsae
1788 2205 1867 2278 pto·

467 2307 637 2402 prietates
672 2306 716 2379 td
752 2302 846 2400 ipsos
882 2305 1150 2401 pervenerint,
1183 2321 1288 2404 cogat
1320 2303 1467 2382 eosdem
1495 2306 1763 2404 Proprietarios
1788 2305 1869 2402 ipsis

473 2427 736 2505 Contentibus
761 2427 831 2503 suis
859 2425 1076 2520 tcslituere,
1115 2431 1170 2504 vel
1198 2432 1250 2504 eis
1274 2431 1452 2504 concedat
1476 2427 1660 2523 discrete,
1684 2456 1773 2505 -nou
1807 2454 1869 2506 ex·

470 2555 680 2652 pendendas
718 2579 779 2647 per
814 2553 910 2650 ipsos
939 2554 1014 2631 sine
1041 2557 1189 2632 licentia
1220 2553 1384 2631 Domini
1412 2553 1613 2652 Magistri,
1647 2561 1706 2634 trel
1731 2584 1863 2636 eorum

470 2680 756 2781 Ptaepofitorttm
786 2681 842 2752 tel
869 2677 1142 2754 Ptaelarotum.

542 2886 595 2954 De
620 2879 790 2967 refidentia
817 2882 1061 2976 &repositorum
1086 2876 1286 2978 inpropriis
1310 2877 1552 2956 conventibus.
1581 2889 1663 2982 Cap.
1690 2889 1785 2960 VIII.

512 3054 607 3132 Tem
629 3053 844 3148 statuimus,
870 3059 909 3132 dt
928 3056 1168 3147 ordinamus,
1195 3055 1295 3153 qnod
1317 3054 1469 3152 quilibet
1493 3053 1711 3152 Praepoiitus
1739 3078 1859 3136 tenea·

538 3200 597 3255 tur
620 3181 666 3256 de
692 3201 823 3256 eaeteto
855 3182 900 3258 de
935 3183 1154 3280 quibuslibet
1189 3182 1315 3255 decem
1345 3180 1555 3278 septimanis
1589 3184 1718 3261 saltem
1748 3187 1857 3264 tribus

469 3302 907 3402 septitnaniseontinuam
924 3303 1156 3380 residentiam
1171 3302 1286 3379 strete
1301 3306 1338 3380 in
1354 3301 1419 3380 stto
1433 3306 1635 3384 Conventu
1650 3311 1859 3406 principali,
1997 3383 1998 3404 ἦ

471 3455 512 3508 ac
538 3431 673 3516 ibidem
696 3429 981 3506 eorresiiontbus
1008 3428 1203 3521 Fratrum,
1228 3432 1266 3508 δι
1296 3427 1445 3503 Divinis
1470 3427 1611 3508 Officiis
1634 3431 1778 3510 solicite
1805 3437 1858 3510 in-

475 3557 649 3632 tendere.
676 3551 752 3652 Qtti
779 3577 902 3633 autem
928 3555 1062 3630 disiam
1092 3552 1328 3630 residentiam
1358 3580 1436 3630 non
1463 3553 1615 3649 lecerit,
1641 3583 1689 3634 eo
1717 3559 1796 3659 ipso
1823 3561 1863 3640 fit
1997 3583 1998 3660 l

466 3681 511 3758 ab
536 3681 668 3759 Officio
695 3688 732 3758 ἃ
757 3677 946 3756 Beneficio
973 3675 1183 3774 suspensus,
1214 3677 1279 3754 nist
1302 3679 1451 3754 evidens
1478 3683 1617 3756 utilitas
1642 3684 1696 3757 rel
1728 3709 1861 3782 magna

382 3871 385 3876 .
466 3807 650 3882 necessitas
665 3803 831 3894 affuerit,
851 3827 931 3902 qttre
950 3829 1009 3898 per
1029 3802 1244 3878 Dominum
1261 3801 1475 3901 Magistrum
1496 3807 1743 3904 approbetur,
1763 3815 1859 3889 aliud

471 3931 697 4030 requisierit.
722 3929 957 4004 Continuam
987 3926 1223 4000 residentiam
1252 3929 1534 4023 intelligentes,
1560 3935 1860 4036 quotiescumque

465 4061 565 4136 idern
593 4053 806 4154 l'raepofittts
833 4055 870 4128 in
893 4051 1018 4126 eadem
1040 4049 1175 4128 Domo
1189 4053 1316 4132 saltem
1330 4056 1551 4149 coenaverit,
1573 4061 1609 4136 dt
1632 4083 1692 4156 per
1714 4063 1859 4144 nostem

410 4223 417 4239 ·
469 4185 661 4262 dormierit
686 4179 813 4260 diebus
839 4177 991 4280 lingulis
1016 4179 1195 4259 disiacum
1219 4159 1336 4258 trium⁸
1356 4181 1699 4264 hebdomadarum.
