4100 5500
428 625 483 682 rer
517 609 920 690 (inuramus
953 613 1221 696 conrrrrr
1256 635 1454 694 nnrrn.
1517 629 1586 708 ¹45

236 727 280 806 de
306 725 471 808 Familiae
499 733 593 832 suae,
619 741 657 814 dr
683 734 798 834 Equis
822 740 869 816 de
894 742 1069 818 omnibus
1091 739 1290 824 necessariis
1311 735 1556 837 providebunt
1582 759 1644 835 per

168 859 179 866 ’“
237 858 336 934 dnos
362 861 440 937 dies
465 866 691 957 continuos,
718 865 755 942 bt
783 865 935 944 ulterius
957 865 984 944 fi
1008 867 1164 948 visitabit
1189 867 1390 955 Domum,
1415 862 1536 938 donec
1560 861 1644 940 visr-

239 983 339 1058 tntin
365 974 475 1063 fue'rir
500 984 682 1063 definire.
722 986 899 1088 Coquina
928 1013 1014 1070 vero
1038 990 1345 1083 conventualis,
1378 987 1480 1085 ligna
1508 991 1545 1067 br
1573 989 1642 1066 hu·

237 1108 397 1200 jusmodi
420 1137 612 1213 nunquam
636 1117 688 1192 eis
703 1107 1000 1216 computabitur.
1025 1117 1252 1195 Canerarius
1274 1137 1361 1192 sero
1380 1111 1535 1188 Ordinis
1558 1115 1642 1189 nul-

102 1319 108 1325 ,
232 1233 619 1316 latenusfittauteise
632 1235 977 1336 possrtCanevrrius
996 1239 1164 1319 Fcesrunr
1187 1238 1394 1318 Mediolani
1415 1239 1640 1316 auratterinr

235 1349 509 1444 fraternitatis.
524 1365 564 1444 Sl
579 1387 702 1442 autem
715 1367 914 1466 contigerit
927 1370 1050 1469 (quod
1065 1367 1154 1446 absrr
1166 1374 1181 1461 >
1193 1368 1355 1468 aliquem
1366 1361 1532 1441 Fratrem
1546 1365 1639 1466 cepit

238 1519 309 1598 pro
328 1491 453 1572 Fratre
475 1490 685 1616 huiusmodi
707 1495 926 1578 redimendo
948 1497 1058 1576 nulle
1079 1497 1245 1574 omnino
1264 1488 1429 1594 expense
1448 1488 1566 1568 liant.

700 1705 751 1782 De
774 1707 971 1796 Converfis.
998 1715 1077 1808 Cap.
1104 1707 1180 1782 tul.

220 1877 228 1888 '
326 1866 582 1960 Onrersnrum
607 1877 821 1960 vestimenta
845 1879 918 1962 lint
939 1881 1039 1960 brec:
1063 1875 1191 1960 scilicet
1212 1879 1360 1972 tuni'ca,
1385 1876 1552 1976 pellicia,
1572 1873 1631 1952 rel

352 2011 508 2088 secunda
535 2012 690 2104 tunica,
725 2007 882 2088 eemisrae
907 2016 944 2090 br
973 2013 1113 2090 brachae
1139 2014 1184 2088 de
1210 2009 1310 2108 stupa
1337 2003 1451 2108 grossa
1470 1999 1634 2098 :Quod

233 2129 264 2208 ss
285 2135 398 2212 laneis
418 2133 574 2212 restibus
594 2131 647 2212 usr
668 2131 834 2230 suerint,
857 2140 965 2215 tertia
985 2139 1109 2216 tunice
1127 2135 1203 2214 deri
1226 2131 1463 2222 conceditur,
1489 2128 1516 2205 st
1539 2127 1633 2204 Prn-

232 2257 355 2359 posrro
382 2261 562 2338 ridebitur
587 2260 777 2357 expedire:
805 2262 895 2342 item
918 2259 1120 2360 Caputiunr
1143 2285 1263 2338 unum
1285 2255 1461 2355 usquead
1483 2275 1633 2352 genua,

233 2389 273 2466 bt
293 2386 391 2462 aliud
413 2409 622 2482 magnum,
648 2384 870 2478 subtelares,
891 2390 928 2464 δι
950 2388 1079 2482 patiti,
1099 2387 1301 2482 caligarum
1326 2381 1422 2478 paria
1446 2382 1522 2456 duo
1536 2430 1560 2471 ,·
1575 2401 1634 2476 pe·

229 2507 409 2590 dulorum
432 2537 659 2612 perunum,
686 2519 723 2590 bt
747 2505 983 2588 scaliinorum
1007 2511 1106 2606 parta
1127 2509 1227 2585 duo.
1254 2503 1400 2583 Tunica
1426 2505 1464 2582 ds
1490 2503 1633 2602 caputia

229 2632 304 2714 sint
327 2638 375 2714 de
401 2637 573 2714 verdeto.
601 2637 647 2714 In
669 2633 882 2714 Resellorio
901 2655 986 2710 rum
1008 2631 1191 2708 Fratribus
1206 2628 1403 2706 'conredent
1426 2629 1464 2704 in
1487 2629 1629 2705 ultimis

229 2759 347 2852 locis,
373 2763 410 2838 bt
428 2761 480 2838 eis
499 2761 679 2838 alimenta
701 2757 872 2837 Fratrum
894 2755 1114 2836 communie
1135 2749 1370 2832 tribuantur.
1396 2751 1545 2852 Jejunia
1568 2753 1624 2832 so·

228 2885 374 2960 lemnia
401 2882 489 2962 ficut
515 2883 657 2961 Fratres
681 2879 900 2961 observem.
927 2880 963 2959 A
992 2877 1097 2956 Frstn
1124 2879 1266 2956 Sanffae
1291 2879 1420 2958 Crucis
1446 2877 1557 2981 usque
1582 2875 1630 2962 rd

229 3005 368 3088 Pascha
393 3005 497 3086 Ferit
514 3029 652 3109 ⁴qureret
671 3011 715 3087 br·
731 3005 855 3104 sexte,
885 3013 921 3086 bt
944 3009 1063 3084 totam
1087 3004 1417 3104 Quadrngesrmam
1443 3029 1531 3084 anre
1553 3007 1630 3084 Na-

229 3136 417 3213 tivitatem
437 3132 628 3226 Domini,
655 3137 739 3210 &a
765 3129 1080 3236 Quirnquttg'esrmt
1103 3133 1216 3234 usque
1237 3135 1282 3211 ed
1303 3133 1440 3211 Pascha
1461 3133 1628 3214 similiter

153 3350 159 3360 ⁸
224 3258 412 3356 jejunent.
441 3259 501 3338 Ad
526 3257 746 3360 Capitulum
777 3262 951 3354 veniant‘3
977 3265 1015 3342 bt
1040 3263 1131 3340 teuc
1159 3261 1304 3360 Regula
1327 3285 1415 3364 curn
1437 3255 1624 3359 Neruiis,

227 3381 257 3461 si
283 3382 450 3478 suerint,
477 3405 643 3462 exeant..
659 3383 733 3461 Pro
760 3383 954 3474 Matutino
980 3387 1105 3464 dicant
1128 3385 1340 3487 quindecim
1366 3391 1471 3462 Pater
1495 3387 1624 3486 neser,

227 3512 266 3590 C(
286 3533 352 3608 pto
369 3509 531 3610 quelibet
553 3511 623 3584 alin
646 3506 753 3584 Hora
774 3505 911 3606 septem
940 3515 1043 3584 Pater
1066 3508 1190 3594 nasim.
1217 3505 1347 3622 Finita¹
1368 3508 1624 3613 Probetionc,

135 3663 141 3674 ·
229 3635 270 3712 in
297 3633 473 3734 Capituio
500 3629 700 3730 Proepnsrto
725 3629 976 3710 obedientium
1001 3628 1138 3708 sacient
1161 3632 1408 3709 ‘manualem

420 3820 426 3830 ’
542 3833 595 3912 De
620 3833 769 3936 Leprnfis
794 3827 835 3918 ss*
860 3833 1075 3913 umentibus.
1100 3814 1180 3938 Cap.
1206 3835 1308 3910 VIII.

224 4005 457 4194 LEprofis
482 4011 522 4086 in
548 4009 738 4090 Domibus
763 4013 950 4110 propriis,
976 4014 1016 4090 in
1042 4013 1132 4090 loeis
1155 4014 1206 4088 eis
1230 4015 1443 4110 deputetis,
1470 4015 1621 4100 seorsim

333 4137 380 4214 ab
391 4143 471 4216 rtits
485 4139 676 4218 servietur.
696 4133 807 4235 Quod
830 4139 855 4216 fi
876 4164 950 4240 qua
966 4139 1119 4218 Domus
1142 4143 1291 4218 illerum
1310 4143 1435 4242 inopia
1457 4149 1511 4221 vel
1536 4171 1622 4243 pau·

223 4263 335 4340 nitate
348 4262 592 4340 Personarum
609 4265 851 4361 deprimitur,
871 4281 1008 4339 auterre
1029 4258 1191 4338 Domus
1203 4261 1373 4344 Ciuitatis
1390 4273 1426 4347 bt
1445 4269 1621 4351 Dioecelis

224 4385 384 4490 ejusdem
414 4390 468 4464 illi
495 4399 695 4470 teneantur
719 4391 974 4466 communiter
995 4388 1148 4466 servire.
1177 4389 1218 4467 Si
1241 4418 1329 4470 vern
1352 4397 1392 4472 in
1415 4405 1621 4480 amentiam

224 4517 304 4616 quis
323 4514 517 4609 inciderit,
537 4513 682 4610 evagari
708 4539 787 4594 tton
806 4511 971 4610 fiuntur,
994 4503 1055 4591 sed
1077 4515 1118 4590 in
1140 4507 1275 4591 Domo
1289 4523 1431 4616 propria
1454 4525 1492 4598 in
1515 4549 1620 4600 cnm·

227 4640 401 4742 pedibus,
430 4643 484 4714 vel
514 4641 554 4716 io
580 4661 751 4734 carcere,
779 4636 806 4716 fi
834 4639 955 4716 taliter
982 4635 1103 4718 visum
1129 4627 1273 4735 fuerit,
1300 4661 1492 4736 tencatur.

282 4771 381 4846 Tum.
407 4767 475 4840 III.
930 4761 967 4840 T
1520 4774 1576 4848 De
