3970 6230
465 586 712 666 Oantttts
747 583 1220 665 Huntttarottun.
1428 587 1499 670 253

130 713 170 790 δι
201 709 357 809 quando
385 709 474 788 liare
501 716 649 790 credidit
687 712 844 806 secure,
885 717 1065 812 relegatus
1100 710 1168 788 suit
1211 709 1254 784 ab
1294 707 1362 783 illo
1389 698 1554 802 Judicej.

135 833 211 909 illc
246 854 322 910 nott
351 837 499 912 tardans
525 837 560 913 se
588 839 777 914 abscondit
807 844 948 931 invite,
984 843 1020 916 δι
1047 836 1212 931 expedite
1239 830 1337 928 sugit
1366 831 1404 902 in
1432 826 1550 900 domo

133 959 264 1038 Brerae
303 967 381 1051 <ut
406 957 517 1038 credo
541 969 556 1052 )
596 963 854 1060 permansurus
881 984 993 1056 tute,
1021 961 1118 1040 forte
1145 959 1255 1058 usque
1283 955 1328 1032 ad
1356 955 1462 1028 illum
1493 947 1549 1022 so·

131 1105 233 1158 num
266 1085 426 1160 buccina
453 1089 564 1186 requi
604 1109 746 1187 quanto
785 1086 1047 1164 sublimabatur
1082 1083 1263 1176 aDuce,
1304 1103 1401 1158 nunc
1443 1095 1549 1160 tanto

130 1215 221 1312 plus
254 1209 387 1289 vilescit
414 1239 435 1290 a
463 1241 608 1295 verme.
649 1217 779 1294 Multis
814 1215 950 1316 profuit
990 1211 1116 1294 sedens
1144 1211 1338 1304 sublime,
1375 1191 1548 1285 sorte'ex

130 1338 277 1436 quibus
304 1363 446 1435 parram
475 1337 595 1418 suffert
623 1343 694 1440 ipse
722 1369 732 1418 r
771 1341 946 1442 causaque
973 1336 1043 1414 suit
1070 1336 1213 1413 ordinis
1241 1335 1405 1428 injuriat,
1433 1357 1550 1434 quan·

128 1465 185 1542 do
216 1461 405 1544 consensit
435 1469 639 1544 mutationi
667 1469 866 1566 pradilia.
895 1471 1073 1546 Attamen
1094 1461 1201 1542 Deus
1229 1461 1297 1537 suae
1325 1479 1444 1557 parcat
1472 1459 1551 1570 ani·
1598 1567 1602 1574 1

130 1615 247 1686 mae,
286 1595 323 1667 dt
355 1615 438 1668 earn
473 1595 509 1668 in
537 1591 649 1669 Calis
676 1595 849 1691 dignetur
868 1595 1092 1686 collocare,
1130 1615 1209 1692 quae
1242 1588 1276 1667 se
1304 1584 1477 1686 separauit
1506 1585 1551 1668 ab

122 1715 212 1806 hac
242 1721 323 1792 luce
352 1741 480 1808 anno,
507 1741 583 1815 quo
609 1711 870 1795 Mediolanum
898 1721 997 1797 venit
1026 1718 1081 1816 ips
1109 1771 1118 1792 .

214 1923 271 1994 De
294 1917 448 2019 potesate
472 1917 638 1998 attributa
666 1920 826 2022 Magistro
852 1923 1008 1998 Generosi
1025 1919 1203 2016 secundnm
1222 1920 1306 2020 jara
1332 1915 1478 1994 ordinis.

129 2069 132 2074 ·
708 2057 788 2150 cap.
816 2055 989 2126 xxrrrr.

240 2217 410 2296 Ominus
436 2219 611 2322 fiqutdem
639 2225 811 2325 Magister
838 2225 1032 2304 Generalis
1060 2225 1260 2325 plenariam
1297 2221 1404 2300 habet
1443 2239 1546 2317 pote·

135 2421 139 2430 .
267 2347 392 2427 statem
430 2352 532 2449 snper
558 2356 735 2432 universis
760 2355 932 2432 domibus
959 2359 1103 2451 primi,
1139 2361 1175 2434 bt
1204 2355 1347 2430 secundi
1376 2352 1541 2441 ordinis,

130 2487 251 2571 atque
279 2470 538 2555 Contentibus
578 2479 672 2554 tertii
701 2481 875 2584 ordinis,
916 2477 1112 2553 secundum
1144 2478 1407 2552 Innocentium
1438 2501 1542 2576 quat·

130 2617 220 2689 tum
236 2625 247 2672 ε
263 2598 333 2674 ult·
355 2625 415 2700 ptr
433 2599 472 2696 se
497 2600 604 2700 ipsam
628 2606 750 2700 poterit
774 2603 916 2702 quolibet
941 2622 1124 2699 anno,nnt
1149 2605 1363 2703 peridoneus
1386 2601 1545 2701 personas

124 2727 166 2800 in
195 2727 357 2822 Capitale
375 2731 526 2827 generali
549 2727 703 2821 arettas,
741 2732 948 2816 ubilationis
981 2729 1123 2826 offict‘rrm
1156 2731 1373 2830 impendere,
1414 2723 1456 2808 sl*
1477 2725 1546 2812 ssa-

127 2849 284 2946 tuenda,
311 2855 370 2929 trel
395 2855 604 2952 corrigenda,
631 2873 669 2930 rat
691 2857 892 2951 putaverit,
914 2855 1080 2947 statuere,
1110 2849 1150 2934 Θ
1175 2859 1343 2930 emendare
1364 2854 1542 2950 secundnm

121 2979 268 3066 Deum,
293 2971 335 3054 ss
357 2978 482 3051 ordinis
506 2963 657 3062 insiilnta
680 3005 739 3076 per
764 2982 876 3054 Sadrrn
910 2979 1127 3076 apostoticam
1153 2981 1354 3080 approbata.
1399 3013 1421 3020 ·’

135 3181 139 3186 ,
232 3097 286 3178 Et
315 3103 413 3199 quod
443 3099 692 3194 visitationis,
731 3107 767 3181 bt
793 3105 1030 3180 corrections
1071 3103 1173 3200 super
1201 3105 1413 3184 uuiversum
1442 3105 1541 3184 ordi·

123 3251 248 3322 nent,
279 3245 355 3302 tarn
384 3225 423 3300 in
451 3223 716 3321 spiritualibus,
743 3251 853 3325 quam
885 3229 920 3302 in
946 3228 1213 3334 ¹‚temporalibus
1243 3233 1406 3332 plenam·
1424 3231 1536 3308 babet

125 3355 351 3456 potestatem
374 3380 387 3444 3
427 3351 539 3448 potest
565 3355 677 3428 etiarn
705 3351 921 3446 Propositus
948 3355 1115 3444 ordinis,
1148 3353 1174 3428 st
1201 3355 1375 3430 Sacerdos
1402 3355 1538 3454 suerit,

121 3479 282 3556 cuilibet
310 3479 405 3553 laico·
429 3479 624 3570 littetato,
662 3479 722 3576 qui
759 3477 928 3552 habitum
957 3479 1098 3552 ordinis
1126 3469 1337 3574 receperit,
1377 3481 1538 3575 primam

120 3605 323 3698 tonsuram
351 3599 581 3700 ministrate.
621 3599 789 3680 Habctut
827 3602 869 3682 in
907 3601 1128 3698 privilegio,
1169 3600 1310 3702 inquo
1338 3599 1449 3680 sentit
1488 3604 1535 3681 de

119 3731 281 3827 regula.
858 3747 861 3754 '
1492 3749 1494 3756 '

228 3850 354 3928 Potell
381 3853 491 3930 etiam
521 3850 708 3928 absolvere
736 3853 1077 3929 excommunicatos
1105 3855 1284 3931 intrantes
1311 3854 1352 3932 itt
1379 3841 1538 3956 ordine,

119 3979 336 4056 dnmmodo
377 3973 475 4074 palsas
516 3971 688 4088 injuriam
725 3973 963 4052 satisfecerint
999 4000 1288 4074 competenter,
1330 3981 1397 4058 nist
1438 3982 1534 4062 sorte

121 4106 238 4208 nsque
267 4106 361 4180 adeo
387 4129 517 4180 eorum
544 4099 655 4180 suerit
684 4105 827 4200 gravis,
863 4107 1091 4182 &enormis
1118 4103 1299 4198 excelsus,
1334 4110 1432 4206 qnod
1463 4108 1536 4189 ssnt
1651 4174 1657 4200 ,

117 4237 258 4328 merito
288 4231 333 4306 ad
361 4229 496 4308 Sedent
528 4229 777 4324 Apostolicam
807 4228 1078 4306 transmittendi
1104 4249 1124 4321 ‚¹
1154 4232 1381 4332 eandemque
1426 4259 1531 4332 pore.

118 4360 254 4442 tlatem
287 4357 424 4434 habent
456 4355 639 4453 Praepostti
666 4358 806 4433 ordinis
832 4377 879 4432 ert
909 4356 1100 4452 privilegiu
1130 4353 1263 4453 praefati
1293 4355 1532 4458 innocentii,

115 4490 206 4570 dato
235 4477 485 4563 pontificatus
514 4477 563 4556 sui
592 4505 694 4557 anno
720 4501 881 4582 quarto,
909 4478 1008 4556 sexto
1033 4477 1124 4554 ‘idus
1153 4479 1404 4560 Novembris.

226 4611 334 4692 Nota
361 4609 459 4708 quod
485 4625 584 4696 ante,
602 4606 765 4703 primum
785 4603 1009 4684 Generalem
1037 4601 1101 4702 ipss
1130 4604 1314 4706 Praepofiti
1340 4607 1436 4682 bene
1456 4609 1530 4686 ba.

1424 4735 1484 4811 be·
