4100 5500
482 609 595 690 ,152
682 587 1668 670 Hnurtruronnn'Conarrnurrouns

501 795 594 888 Quod
612 792 782 896 jejunium
806 793 843 868 de
870 793 1026 872 Adventu
1052 794 1163 872 debeat
1189 797 1338 876 inchoari
1361 799 1398 874 e'n
1418 795 1512 887 Festo
1538 793 1658 873 santii
1680 793 1843 872 Martini
1855 842 1866 870 .

1060 976 1064 990 ,.
1096 931 1179 1023 Cap.
1201 929 1268 1000 HI.
1783 929 1785 932 ’

480 1105 612 1282 lTem
640 1098 862 1194 statuimus,
888 1102 1142 1196 ordinamur,
1167 1103 1205 1178 dt
1230 1097 1462 1236 definimus,
1500 1097 1602 1201 quod
1628 1095 1811 1190 jejunium
1837 1095 1891 1176 de
1949 1141 1953 1148 ·

542 1228 725 1304 Adventu
751 1224 899 1323 incipiat
926 1249 948 1300 a
975 1225 1080 1305 Festo
1106 1223 1229 1305 Santi
1257 1223 1411 1302 Martini
1438 1253 1500 1330 per
1525 1246 1650 1306 toturn
1673 1227 1885 1305 Ordinem.

530 1430 646 1522 Qud
670 1453 733 1506 nun
757 1427 968 1506 comedantur
992 1456 1060 1507 ova
1084 1431 1125 1512 &¹
1148 1427 1259 1524 caseus
1283 1432 1319 1507 in
1344 1430 1452 1510 Fert'a
1473 1429 1577 1530 sexta
1599 1484 1610 1507 .
1635 1437 1719 1531 Cap.
1746 1435 1811 1506 tet.
1862 1505 1871 1518 ,

530 1606 630 1682 Tem
655 1605 898 1701 ordinamus,
923 1603 1116 1684 statuimus
1129 1661 1140 1699 ,
1164 1611 1202 1685 dt
1221 1603 1449 1704 definimus,
1473 1610 1575 1709 quod
1599 1603 1724 1684 caseus
1751 1607 1789 1684 dt
1815 1623 1890 1680 ota

559 1761 636 1811 non
663 1735 908 1813 comedantur
936 1734 976 1808 in
1001 1735 1128 1811 diebus
1154 1734 1309 1812 Veneris
1344 1759 1410 1816 nee
1437 1739 1484 1816 ab
1510 1737 1716 1838 hospitibus
1751 1757 1819 1814 uec
1846 1733 1890 1809 iu

483 1861 714 1954 Conventu,
742 1857 811 1936 nifi
838 1858 924 1936 effer
950 1857 1176 1938 infirmitatis
1199 1859 1328 1940 wcausa.
1391 1935 1396 1942 .

621 2069 675 2140 De
700 2067 900 2164 apprehensss
923 2065 960 2142 in
985 2065 1177 2162 adulterio,
1196 2059 1319 2162 sueto,
1344 2060 1387 2147 θ
1406 2067 1584 2172 periurio.
1608 2073 1690 2167 Cep.
1714 2065 1755 2142 V.

528 2235 625 2315 Tem
647 2241 888 2334 ordinamus,
909 2239 1127 2334 statuimus,
1148 2237 1428 2338 deernimus,
1449 2245 1548 2345 quod
1571 2239 1601 2320 fi
1619 2241 1752 2342 aliquis
1763 2237 1894 2318 Frater

552 2363 796 2464 deprehensus
823 2361 933 2443 fuerit
953 2367 1226 2463 in'aduiterio,
1252 2365 1377 2463 furto,
1409 2371 1595 2474 perjurio,
1617 2369 1676 2446 nei
1700 2367 1741 2444 in
1764 2366 1894 2467 aliquo

487 2493 644 2572 erimine
668 2493 897 2594 pernicioso,
931 2494 1106 2592 puniatur
1125 2511 1172 2570 'ut
1198 2491 1441 2592 incapitqu
1470 2496 1518 2574 de
1549 2473 1755 2598 gratiffinta
1781 2493 1893 2590 eulpa

486 2621 726 2700 continetur:
751 2617 977 2698 Audentes:
1013 2614 1124 2716 usque
1158 2617 1205 2694 ad
1232 2618 1437 2696 triennium
1473 2643 1553 2698 non
1581 2619 1709 2698 debeat
1738 2639 1895 2718 promo·

486 2749 562 2824 reti
590 2747 634 2823 ad
661 2747 821 2847 aliquem
856 2743 977 2820 adium
1011 2744 1256 2839 legitimum,
1293 2741 1361 2819 nifi
1387 2739 1499 2844 usque
1533 2745 1735 2827 addenem
1762 2765 1886 2828 anuos

487 2871 682 2976 sequenter
706 2891 972 2974 promoveatur
997 2871 1043 2946 ad
1072 2870 1236 2969 aliquam
1263 2868 1507 2966 dignitatern.

962 3077 1016 3150 De
1040 3070 1229 3174 dundatr's.
1254 3073 1425 3172 Cap..V!.
1590 3173 1593 3180 A

526 3247 623 3335 Tem
643 3249 885 3346 ordinamus,
912 3247 1125 3345 statuimus,
1151 3253 1188 3328 dt
1209 3245 1436 3341 definimus,
1459 3249 1561 3352 quod
1585 3247 1611 3327 sr
1634 3249 1764 3352 aliquia
1787 3235 1890 3351 Apo·
2011 3323 2012 3340 Ν

551 3379 640 3461 ssata
665 3381 803 3462 steterit
827 3401 929 3458 extra
955 3378 1140 3456 Ordinem
1169 3403 1230 3478 per
1255 3400 1326 3457 tres
1352 3401 1504 3473 annos,
1534 3403 1727 3480 nunquam
1752 3375 1888 3456 debeat

493 3509 702 3606 promoveri
723 3507 768 3585 atl
791 3509 952 3608 aliquam
974 3503 1214 3604 Dignitatem
1234 3503 1411 3594 Ordinis,
1442 3505 1482 3581 dt
1506 3527 1586 3580 noo
1607 3504 1737 3583 debeat
1756 3499 1892 3582 reverti

490 3637 535 3712 ad
561 3629 737 3713 Domum
765 3635 950 3730 propriam
977 3655 1039 3727 per
1064 3631 1191 3708 decem
1214 3654 1363 3723 annos,
1387 3635 1425 3708 dt
1446 3652 1639 3728 nunquam
1666 3627 1799 3708 lrabeat
1823 3652 1887 3706 vo·

491 3783 571 3838 nem
599 3760 641 3834 in
667 3757 873 3856 capitulo,
902 3776 968 3830 nee
992 3754 1210 3832 admittatur
1236 3755 1282 3832 ad
1308 3757 1467 3856 atiquem
1494 3755 1615 3832 adum
1641 3755 1883 3854 legitimum,

496 3887 534 3964 dt
562 3879 883 3982 semperultimua
909 3879 1085 3956 omnium
1113 3879 1241 3958 debeat
1267 3877 1364 3973 atie,
1481 3945 1485 3956 .
2011 3863 2012 3872 '

756 4082 810 4158 De
834 4077 1095 4174 Confirmatiune
1121 4079 1415 4174 nominationum.
1441 4081 1525 4208 dap.
1551 4086 1632 4160 VII.

495 4257 637 4436 lTem
664 4255 920 4353 definierunt,
949 4261 986 4336 dt
1012 4255 1249 4351 statuerunt,
1284 4257 1384 4357 qnod
1412 4280 1545 4334 omnes
1570 4255 1890 4358 constitutiones,

573 4413 653 4490 quo
680 4385 766 4464 sunt
793 4387 833 4460 in
861 4371 1031 4482 Corpore
1058 4382 1384 4462 Constitutionum
1411 4386 1588 4478 (dempta
1613 4387 1711 4482 ilia,
1739 4413 1811 4488 qua
1837 4412 1891 4464 ca·

495 4535 627 4606 vetur,
647 4513 747 4612 quod
768 4507 963 4587 Dominus
985 4505 1163 4607 Magister
1183 4529 1329 4586 tenetur
1343 4533 1404 4606 per
1418 4509 1700 4590 Sacramentum
1716 4513 1762 4592 de
1779 4519 1887 4590 trien-

495 4641 562 4719 nio
587 4639 635 4718 ad
662 4636 866 4719 triennium
894 4633 1112 4734 resignaret
1146 4659 1259 4740 quarn
1287 4637 1434 4716 irritant
1462 4637 1632 4736 protinus
1657 4637 1694 4715 dt
1722 4638 1883 4716 totaliter

567 4789 572 4796 '
1773 4787 1838 4841 an·
