3970 6230
497 607 568 682 too
654 589 1101 706 Honrturonnn,
1135 591 1644 675 Cousrrrurrortes·

449 735 574 791 temen
599 717 810 816 propensius
834 720 998 818 cogitate
1019 721 1219 818 debemus,
1244 723 1375 824 quibus
1396 723 1514 815 mejot
1538 715 1759 822 ptovifiunis
1782 715 1843 791 n'e·

445 841 586 920 -cessttns
609 841 838 938 dignoscitur
865 846 1097 942 imminete;
1132 871 1172 926 ut
1201 850 1264 948 ipsi
1300 851 1433 929 nolite
1463 850 1709 928 solicitudinis
1734 843 1847 922 dudio

302 1015 307 1026 ·
449 997 471 1047 e
492 969 709 1070 quibuslibet
732 968 906 1049 sublevati
926 973 1122 1073 dispendiis
1145 979 1189 1052 ad
1210 977 1345 1054 statum
1368 977 1579 1076 prosperum
1602 978 1847 1066 reducantur,

453 1107 489 1178 dt
511 1101 642 1175 votivis
662 1097 774 1175 dante
795 1097 999 1195 Domino,
1026 1103 1160 1200 jugiter
1186 1101 1380 1201 proficient
1406 1103 1664 1181 incrementis.
1691 1098 1852 1176 Dudum

456 1225 633 1326 siquidem
661 1253 723 1327 per
751 1226 834 1304 Nos
859 1248 1042 1326 eccepto,
1074 1231 1174 1330 quod
1206 1229 1311 1308 Ordo
1346 1231 1644 1308 Humiliatorum
1679 1222 1856 1302 Generali
1972 1289 1973 1292 a

450 1354 636 1450 Magistro
661 1376 825 1449 careret,
850 1359 887 1434 ὅ(
913 1381 958 1432 ex
983 1353 1124 1434 defedu
1147 1383 1225 1436 non
1248 1360 1418 1436 celebrati
1441 1361 1479 1434 in
1500 1379 1549 1432 eo
1570 1380 1592 1430 e
1613 1351 1739 1448 longis
1762 1369 1853 1426 tem·

457 1479 607 1576 poribus
627 1479 825 1557 Generalis
841 1479 1033 1578 Capituli,
1055 1505 1162 1580 prout
1183 1485 1387 1583 entiquitus
1407 1479 1645 1558 consueuerat
1666 1477 1863 1570 celebrati,

458 1605 587 1700 grevia
615 1603 805 1680 sustineret
828 1607 868 1681 in
892 1606 1192 1711 spiritualibus&
1214 1607 1478 1704 temporalibus
1502 1605 1755 1682 detrimenta:
1783 1606 1863 1683 Nos

460 1734 651 1830 cupientes
674 1731 860 1808 Ordinem
888 1729 1041 1827 ipsum,
1074 1737 1110 1810 dt
1140 1731 1296 1832 singulas
1331 1730 1406 1822 ejus
1433 1730 1698 1832 Ptrepofituras
1720 1735 1757 1808 ἁ
1783 1732 1863 1804 loce

345 1888 348 1896 ¹
422 1895 426 1905 Δ
460 1858 615 1936 ubilibet
640 1856 832 1937 existentia
858 1854 979 1934 debite
1002 1855 1220 1950 reformari,
1248 1882 1309 1956 per
1329 1860 1418 1934 alias
1441 1855 1581 1933 nostres
1605 1855 1695 1932 certi
1722 1855 1862 1932 tenoris

456 1984 615 2063 Litteras
645 1983 834 2063 Genetale
866 1982 1085 2082 Capitulum
1125 1986 1163 2060 in
1195 1982 1357 2062 Ciuitate
1394 1983 1615 2076 Seuerum,
1651 1983 1692 2058 in
1729 1979 1865 2058 Domo
1972 1967 1973 2024 1

458 2111 580 2188 Sandi
618 2107 782 2188 Thomae
816 2107 1023 2207 Apostoli,
1057 2107 1352 2204 diatonicis,
1385 2133 1448 2207 pet
1473 2133 1609 2185 omnes
1632 2105 1866 2205 bt'singttlos
1972 2147 1973 2162 i

395 2229 424 2255 ”
458 2235 712 2336 Prteposttos,
748 2235 921 2312 Prtelatos
948 2240 985 2316 dt
1011 2235 1219 2336 Religiosos
1244 2238 1329 2314 dieti
1354 2235 1540 2330 Ordinis,
1571 2239 1635 2335 qui
1663 2235 1867 2312 secundum

460 2363 562 2440 illius
583 2361 892 2440 consuetudinem
915 2367 951 2441 dt
972 2361 1115 2439 Statuta
1137 2363 1176 2438 in
1192 2383 1432 2464 'quocumque
1458 2363 1637 2442 Genetali
1664 2361 1772 2461 ipfius
1791 2361 1867 2439 Or·

459 2489 557 2566 dinis
580 2487 790 2588 Capitulo,
824 2487 915 2564 dum
945 2489 1036 2563 illud
1064 2512 1132 2586 pro
1158 2507 1327 2587 tempore
1350 2489 1526 2569 celebrati
1550 2491 1786 2588 eontigerit,
1813 2493 1869 2566 itt·

464 2611 575 2692 simul
601 2616 803 2690 convenire
827 2629 1039 2708 tenentur,
1073 2615 1344 2714 quintadecima
1367 2617 1430 2694 die
1462 2613 1541 2714 post
1569 2613 1707 2697 enula
1734 2615 1872 2718 Resur-¹

462 2739 639 2816 testionis
664 2737 830 2817 Domini
857 2737 983 2816 Nollti
1009 2737 1095 2837 Jcsu
1119 2737 1257 2817 Clitisli
1282 2741 1450 2839 proxime
1475 2747 1726 2844 preteritum,
1748 2748 1872 2825 decre·

468 2865 590 2942 rimus
605 2865 806 2959 celebrari,
835 2885 945 2960 prout
968 2865 1005 2940 iu
1028 2864 1165 2941 eisdem
1190 2855 1333 2964 plenius
1357 2873 1597 2950 continetur.
1623 2869 1725 2950 Cum
1746 2891 1872 2954 sutem
1972 2959 1973 2962 p

468 2995 556 3075 finis
580 2999 663 3074 diui
690 2995 842 3072 termini
868 2991 943 3084 jem
970 3018 1082 3091 prope
1104 2993 1235 3073 instate
1259 2997 1517 3097 noscetut,·&
1540 3025 1607 3098 pto
1628 3001 1781 3102 ptaesatu
1800 3003 1873 3082 Ca·

468 3127 587 3224 pitulo
614 3121 804 3198 salubriter
828 3121 1019 3218 dirigendo
1045 3123 1190 3219 aliquos
1215 3119 1389 3202 Praelatos
1426 3125 1575 3204 scicntia
1601 3130 1752 3224 claros,
1788 3156 1872 3230 pto·

467 3250 636 3332 videntia
656 3243 958 3344 circumspeuos‚
986 3249 1022 3322 dt
1046 3249 1096 3327 itt¹
1112 3247 1325 3344 Religionis
1350 3252 1582 3332 observantia
1603 3277 1780 3352 expertos
1804 3233 1873 3336 hu·

469 3371 628 3466 jusmodi
649 3373 830 3470 Capitulo
850 3368 1034 3468 praesrdete
1058 3371 1293 3450 necessatium
1317 3374 1386 3470 stt‘,
1407 3382 1444 3455 dt
1460 3381 1573 3456 etiam
1590 3405 1871 3482 opportunum
1972 3387 1973 3392 ’

471 3501 554 3580 Nos
582 3497 686 3600 super
711 3497 770 3575 his
794 3519 1006 3596 opportune
1032 3499 1220 3597 providere
1244 3505 1412 3578 nolentes
1437 3527 1478 3578 ac
1499 3527 1667 3601 gerentes
1686 3509 1734 3588 de
1757 3512 1870 3592 reslre

472 3631 805 3730 circumspeuionis
830 3631 1006 3708 induslria
1032 3631 1073 3705 in
1102 3627 1279 3706 Domino
1306 3627 1477 3707 fiduciam
1505 3633 1729 3738 specialem,
1755 3645 1868 3728 dero·
1972 3603 1973 3630 Χ

470 3759 569 3839 tioni
596 3755 719 3832 nellrae
742 3757 867 3832 eidem
892 3743 1107 3852 Capitulo,
1141 3757 1330 3854 poslquam
1359 3759 1402 3835 ad
1431 3761 1464 3836 id
1489 3763 1752 3862 celebrandum
1780 3771 1873 3850 Prat-
1972 3823 1973 3828 =

472 3881 579 3984 politi
601 3881 802 3959 Pteleti‘&
824 3875 1002 3975 Religiosr
1025 3873 1195 3956 antedisii
1219 3889 1442 3981 congregati
1467 3883 1630 3987 suerint,
1660 3867 1872 3991 praesidendi

473 4035 542 4112 pro
569 4005 789 4086 executione
817 4007 1069 4103 praedidiorum
1090 4059 1105 4096 ,
1129 4026 1172 4080 ac
1197 4007 1325 4082 omnia
1352 4012 1389 4088 dt
1417 4010 1590 4112 singule,
1616 4045 1696 4119 qua
1722 4047 1791 4118 pro
1818 4049 1874 4102 re·

472 4133 702 4229 formatione
722 4122 935 4220 huiusmodi
957 4131 1062 4204 utilia
1085 4127 1157 4204 visa
1176 4125 1345 4223 suerint,
1364 4128 1548 4234 faciendi,
1568 4148 1745 4244 gerendi,
1771 4175 1872 4227 exer.

473 4261 616 4352 cendi,
649 4255 888 4350 mandendi,
917 4251 1135 4350 lintuendi,
1169 4256 1399 4354 ordinandi,
1425 4265 1461 4341 dt
1488 4265 1739 4369 decernendi,
1767 4289 1873 4374 prout

474 4383 583 4460 vobis
602 4382 785 4458 videbitur
809 4382 1009 4477 expedire,
1039 4379 1341 4457 Contradidotes
1366 4381 1534 4486 quosque
1567 4395 1604 4470 dt
1636 4395 1788 4478 rebelles
1814 4425 1872 4499 per
1972 4477 1973 4486 ,

475 4503 989 4587 censorum-Ecclellullran
1016 4511 1053 4584 dt
1077 4507 1148 4582 alia
1172 4503 1269 4604 Juris
1295 4511 1479 4607 remedia,
1505 4499 1758 4614 appellatione
1782 4527 1873 4626 post·

472 4637 615 4743 posita,
640 4633 922 4737 compescendi,
949 4637 1097 4731 plenam
1117 4637 1161 4714 dt·
1175 4633 1328 4714 liberam
1351 4637 1453 4718 vobis
1478 4657 1609 4722 tenore
1632 4647 1871 4746 praesentiunt
1972 4667 1973 4678 ‘

1728 4799 1824 4858 eon·
