4076 5496
389 681 392 688 .
498 620 546 696 52
734 600 1172 683 Husrrtrarortusr
1206 600 1563 680 Murrum-:ura

459 723 662 835 utrncupati
690 749 751 824 per
778 732 936 827 priorem
965 728 1060 806 soliti
1086 727 1278 828 gubernari
1314 727 1455 802 ordinis
1489 725 1525 802 S.
1553 717 1739 800 Benedidi
1775 715 1857 796 Mc·

452 842 543 922 diol.
571 849 665 925 dioc.
694 848 797 950 super
822 850 1036 952 quibusdam
1062 853 1184 951 agris,
1211 851 1341 944 terris,
1372 849 1566 939 domibus,
1603 845 1744 935 vineis,
1776 865 1855 939 pre·

452 972 526 1064 tis,
555 971 713 1068 pascuis,
740 975 1034 1073 possessionibus,
1068 976 1324 1078 aqueduslibus
1351 978 1389 1051 in
1416 977 1510 1052 dida
1536 975 1629 1050 dioc.
1656 968 1852 1052 coustslen.

456 1096 553 1174 ribus
579 1101 616 1175 dt
644 1099 752 1176 rebus
776 1101 855 1175 aliis
880 1101 925 1176 ad
952 1101 1066 1199 ipsam
1092 1101 1504 1200 domum‘speslantibus
1533 1097 1755 1189 injuriantur
1792 1090 1857 1170 eis·

456 1221 569 1298 dem.
610 1223 771 1327 Ideoque
798 1226 1010 1305 discretioni
1039 1249 1100 1305 tue
1128 1253 1190 1325 per
1228 1225 1425 1324 apostolica
1462 1219 1589 1322 scripta
1617 1221 1862 1303 mandamusr

452 1369 635 1446 quatenus
663 1355 823 1446 vocatis,
850 1355 909 1454 qui
937 1351 1075 1430 fuerint
1102 1356 1367 1449 evocandi,&
1401 1351 1531 1430 auditis
1551 1351 1642 1428 lriuc
1663 1350 1749 1426 inde
1782 1372 1861 1444 prn-

452 1473 603 1569 posuis,
642 1480 743 1576 quod
777 1477 910 1571 juslum
948 1479 1090 1575 suerit,
1124 1482 1370 1580 appellatione
1408 1499 1550 1557 remote
1583 1480 1779 1569 decernas,
1805 1472 1859 1552 sa·

457 1606 559 1682 ciens
585 1611 684 1706 quod
709 1609 907 1688 decreveris
934 1637 997 1710 per
1027 1609 1217 1688 censuram
1250 1609 1525 1688 ecclesiasticum
1562 1607 1719 1686 firmiter
1743 1607 1864 1684 obser·

440 1735 564 1812 rari.
599 1733 726 1812 Testes
751 1759 875 1812 aurem
910 1737 971 1836 qui
1006 1734 1144 1814 suerint
1179 1739 1390 1829 nominari,
1426 1735 1452 1812 fi
1490 1733 1524 1810 se
1558 1735 1708 1831 gratia,
1743 1735 1866 1828 odius

464 1861 524 1936 rel
552 1859 688 1934 timore
715 1857 978 1951 subtraxerint,
998 1858 1148 1937 censura
1170 1859 1281 1936 simili
1301 1860 1547 1956 appellatione
1572 1857 1729 1936 cessante
1754 1885 1859 1936 corn-

464 1985 578 2079 pellas
618 1985 759 2058 veritati
800 1983 1056 2058 rellimonium
1096 1983 1307 2080 perhibere.
1345 1983 1437 2061 Non
1476 1981 1642 2060 obstante
1676 1983 1704 2058 st
1738 1982 1858 2058 eidem

458 2105 595 2182 Ordini
622 2109 659 2182 S.
685 2105 917 2184 benedieti-a
945 2108 1036 2182 Sede
1063 2105 1274 2205 Aposlolica
1303 2105 1345 2183 srt
1366 2109 1580 2200 indultum,
1605 2109 1704 2207 quod
1732 2108 1855 2206 perso-

454 2255 503 2324 pe
531 2227 642 2327 ipsius
666 2233 876 2324 ordinisad
903 2231 1079 2319 iudicium
1106 2232 1227 2326 trabi,
1253 2249 1316 2308 aut
1344 2230 1533 2330 suspendi,
1560 2231 1620 2309 serr
1642 2257 1859 2311 excommu-

435 2357 604 2449 nicari,
639 2355 700 2432 seu
727 2356 798 2454 ipse
826 2378 888 2434 aut
921 2357 1006 2432 disli
1033 2357 1174 2434 ordinis
1208 2358 1288 2432 loca
1323 2356 1491 2432 interdici
1530 2383 1610 2434 non
1639 2357 1772 2458 porsrnt
1800 2384 1861 2458 per

456 2483 597 2562 litteras
624 2475 837 2578 apostolicas
866 2505 946 2558 non
974 2480 1149 2560 facientes
1177 2483 1324 2579 plenam
1353 2484 1389 2558 dt
1416 2483 1615 2579 expressam
1642 2509 1682 2561 ac
1706 2485 1752 2561 de
1786 2509 1862 2562 ver·

459 2608 585 2684 bord
617 2603 767 2683 verbum
809 2609 854 2682 de
889 2607 1036 2682 indulto
1073 2605 1284 2694 hujusmodi
1318 2610 1585 2701 mentionem,
1623 2613 1660 2687 ὅ(
1694 2609 1857 2709 qualibet

336 2781 339 2788 .
454 2731 528 2814 alia
554 2731 646 2806 dide
673 2729 764 2805 sedis
801 2730 1030 2827 indulgentia
1063 2731 1223 2826 generali
1251 2731 1307 2804 rel
1343 2728 1483 2828 speciali
1520 2733 1775 2836 cuiuscumque
1804 2757 1857 2812 te·

341 2839 349 2852 ¹
453 2834 555 2956 noris
581 2850 733 2944 existat,
768 2875 829 2948 per
863 2876 974 2952 quam
1004 2851 1228 2946 presentibus
1256 2877 1334 2930 non
1369 2857 1571 2951 expressam
1599 2863 1655 2934 vel
1685 2861 1852 2938 totaliter

453 3005 533 3057 non
569 2980 741 3056 insertam
781 2999 841 3054 rue
874 2971 1132 3066 jurisdidlionis
1167 2979 1365 3074 explicatio
1400 2979 1440 3056 in
1481 2983 1551 3059 hac
1591 3003 1693 3080 parte
1729 2987 1850 3062 valeat

451 3103 732 3206 quomodolibet
761 3101 951 3197 impediri,
977 3124 1052 3200 que
1077 3125 1153 3200 quo
1180 3101 1224 3178 ad
1252 3099 1328 3176 hoc
1353 3107 1531 3184 uolumus
1557 3107 1641 3207 ipsis
1667 3110 1845 3210 aliquare-

452 3253 524 3306 nus
558 3224 768 3324 suffragari.
807 3225 901 3307 Dat.
937 3225 1064 3304 Rome
1102 3225 1197 3323 apud
1228 3225 1382 3306 Sandos
1414 3229 1615 3331 Apostolos
1648 3233 1726 3316 ΙΙΙ.
1759 3235 1847 3316 Kal.

453 3355 544 3460 Jun.
568 3356 810 3436 Pontificatus
839 3351 952 3432 nostri
978 3355 1283 3468 anno'decimo.

560 3485 717 3584 Sigillum
742 3481 895 3558 emulus·
920 3486 964 3556 V.
988 3478 1026 3556 dc
1051 3503 1187 3556 ηοω

907 3672 1077 3790 Eugenii
1108 3671 1180 3758 lV.
1215 3670 1404 3782 Licere,

434 3919 439 3928 .
537 3845 680 3960 ,utras
722 3836 985 3942 creatutura
1014 3837 1173 3922 areatat
1212 3837 1428 3924 unaarum
1467 3841 1563 3926 ora.
1605 3817 1757 3934 namu

657 4003 865 4092 Macrochir
899 4001 1039 4114 Congr.
1075 3999 1264 4085 Unitntis
1287 4057 1303 4110 ,
1325 4001 1395 4100 scu
1437 4003 1647 4116 Castncnsts

830 4161 926 4252 ord.
961 4163 1002 4250 8.
1031 4163 1230 4252 Benedisii
1263 4167 1469 4260 concedit.

1017 4376 1096 4426 ¹⁴33·
1114 4357 1194 4416 Non.
1207 4359 1281 4430 Aug.
1319 4355 1339 4401 Χ

432 4517 567 4606 ,Edita
594 4514 674 4598 sunt
700 4531 785 4588 cum
812 4503 1061 4602 compluribus
1086 4504 1164 4577 aliis
1199 4506 1454 4581 monumentis
1480 4507 1554 4586 buc
1579 4453 1873 4610 pcrtineiitibud*

741 4631 1003 4730 ePucciucllo
1029 4630 1070 4708 iu
1090 4627 1286 4706 Chronico
1313 4627 1565 4716 Glaxiatensr.

1738 4784 1808 4858 Eu·

1507 5059 1692 5259 *x
