4100 5500
445 547 448 554 ·
495 514 579 624 138
667 501 1119 600 Hourtraronuu
1158 511 1651 596 Cousrrnurrounr

454 649 556 740 latu,
582 647 620 724 dt
644 648 875 746 exigentiam
901 647 1122 756 culparum,
1148 642 1194 718 ad
1217 639 1475 721 discretionem
1502 631 1671 736 Magistri
1697 627 1856 709 Ordinis

448 778 653 872 puniatur.

572 983 627 1055 De
651 981 834 1059 Sententiis
859 979 1244 1074 Ernommaricationir‚
1264 977 1505 1078 suspendatis,
1531 970 1715 1054 Interdidii
1727 1027 1741 1068 ,

941 1109 1163 1209 depastionr's.
1200 1114 1281 1208 Cap.
1305 1113 1369 1186 XI.

512 1270 706 1378 Ubditos,
728 1281 792 1386 qui
817 1281 1028 1363 consentire
1061 1283 1257 1360 noluerint
1290 1283 1495 1380 receptioni
1521 1279 1675 1374 alicujus
1697 1275 1861 1374 Clerici,

545 1416 607 1492 ubi
636 1445 718 1496 non
743 1421 794 1498 est
821 1421 1029 1517 completus
1050 1441 1226 1496 numerus
1245 1419 1506 1507 Clericorum,
1525 1435 1613 1488 voce
1634 1406 1791 1487 ulterius
1809 1425 1866 1480 re.

457 1543 621 1640 cipiendi
648 1549 815 1646 Fratres,
849 1546 1156 1646 &Praepositum
1189 1548 1382 1646 eligendi,
1410 1565 1460 1620 ex
1494 1563 1584 1618 tunc
1607 1539 1774 1640 privatos
1798 1530 1868 1610 eisc

454 1675 772 1771 pronunciamus,
797 1675 985 1776 quousque
1012 1670 1150 1752 suerint
1180 1697 1239 1769 per
1266 1671 1485 1750 Dominum
1512 1663 1767 1764 Magistrum,
1803 1674 1867 1736 aut

454 1793 644 1874 Generate
680 1767 897 1900 Capitulum
930 1799 1124 1876 rellituti.
1159 1795 1378 1894 Praepositus
1409 1815 1534 1872 autem
1569 1795 1627 1868 vel
1663 1787 1865 1888 praelatus,

454 1923 517 2017 qui
560 1924 722 2024 aliquam
754 1925 958 2011 Mulierem
996 1925 1037 2001 itt
1063 1924 1238 2001 Sororem
1275 1919 1353 1996 srnc
1386 1919 1533 1994 licentia
1570 1915 1743 2014 receperit
1779 1933 1864 1988 cum

452 2041 583 2124 effeeu
602 2103 618 2141 ,
634 2075 688 2134 ¹er>
715 2051 793 2146 ipso
818 2077 839 2131 a
865 2037 1114 2149 Praepofiturae
1141 2046 1203 2122 seu
1236 2045 1446 2122 Praenrnrae
1476 2043 1613 2122 Officio
1641 2041 1685 2120 fir
1712 2039 1861 2140 suspen·

452 2171 539 2249 sus:
570 2177 607 2254 dt
637 2193 739 2251 totus
760 2176 988 2252 Conventus
1016 2171 1188 2253 Fratrum
1223 2197 1284 2271 per
1319 2177 1483 2250 Annum
1517 2193 1644 2248 unum.
1667 2168 1860 2264 integrunt

452 2297 612 2396 singuiis
644 2297 755 2378 sextis
786 2299 888 2380 scriit
919 2301 1096 2392 jejunabit
1132 2300 1173 2374 in
1208 2323 1305 2397 pane
1335 2303 1374 2378 dt
1399 2325 1521 2397 aqua3
1553 2301 1594 2376 dc
1626 2295 1793 2391 receptio
1817 2288 1865 2367 fic

455 2419 551 2504 salia
586 2421 632 2500 sit
668 2425 809 2520 ¹irrita,
839 2433 878 2506 dt
917 2429 1075 2520 inanis,
1106 2429 1144 2504 dt
1180 2425 1295 2502 Soror
1334 2425 1593 2501 nihilominus
1625 2425 1863 2522 expellatur·

364 2641 367 2652 Ι
452 2551 633 2631 Similiter
658 2554 696 2632 d(
723 2551 872 2632 Praelati
894 2551 1118 2630 Domoruru
1139 2549 1318 2628 Erctefias
1336 2577 1423 2627 uon
1446 2552 1695 2644 habentium,
1714 2553 1774 2626 rel
1798 2549 1863 2626 ha·

458 2677 657 2772 bentiutn,
678 2683 716 2757 dt
743 2703 825 2755 non
852 2681 1075 2760 habentium
1098 2676 1333 2778 possesiones
1349 2697 1414 2752 aut
1436 2679 1575 2756 reditus
1592 2681 1694 2756 unde
1714 2679 1862 2770 uiuant,

451 2805 492 2880 dt
525 2805 754 2898 receptiones
775 2800 949 2882 fratrum
974 2809 1032 2881 vel
1059 2805 1243 2882 Sororum
1276 2801 1457 2900 fecerint,
1481 2833 1628 2905 prunam
1658 2805 1861 2886 sustineant

455 2927 759 3026 suprascriptam.
779 2927 1031 3031 ¹Quicumque
1055 2929 1274 3030 Propositus
1298 2930 1457 3012 Laicum
1491 2935 1532 3008 in
1558 2935 1776 3032 Clericunt,
1805 2939 1859 3014 vel

452 3051 688 3166 Conversum
722 3055 764 3132 io
789 3049 948 3132 Laicum
972 3051 1125 3150 sederit,
1153 3079 1205 3132 eo
1229 3055 1309 3154 ipso
1342 3054 1389 3132 fir
1414 3054 1653 3152 suspensus:
1679 3059 1857 3158 Praepoli.

409 3205 411 3209 ·
450 3199 545 3260 turae
568 3175 730 3276 Officio,
758 3177 949 3280 quoustme
971 3177 1082 3258 suerit
1109 3204 1172 3280 per
1196 3178 1415 3260 Dominum
1449 3181 1674 3280 Magistrum
1700 3187 1855 3264 Ordinis

399 3322 404 3342 ·
447 3307 661 3403 rediturus,
692 3311 731 3386 dt
767 3305 883 3403 alias,
905 3325 1015 3405 prout
1037 3309 1161 3386 cidem
1193 3307 1374 3386 videbitur
1394 3361 1410 3402 ,
1434 3310 1671 3407 puniendus.
1708 3313 1853 3399 Eadem

444 3453 554 3528 prena
581 3433 758 3530 pteuarur
776 3435 843 3532 qui
870 3429 1072 3510 Personam
1097 3433 1259 3533 aliquam
1280 3431 1540 3530 illegitimam,
1567 3443 1625 3515 acl
1648 3440 1848 3525 Famulum

450 3559 494 3638 in
522 3555 659 3638 Domo
680 3559 806 3656 aliqua
831 3555 900 3634 sub
930 3559 1097 3638 merome
1126 3559 1353 3636 condulium
1385 3560 1428 3635 in
1458 3554 1627 3640 Fratrem
1653 3569 1852 3665 reoeperit;
2001 3579 2002 3588 '

455 3687 522 3785 qui
552 3679 649 3762 duos
678 3683 827 3760 Fratres
858 3685 917 3761 rel
946 3687 1043 3764 duas
1070 3686 1227 3764 Sorores
1259 3689 1299 3762 in
1322 3689 1452 3767 eadem
1485 3687 1624 3769 Domo
1655 3700 1849 3795 receperit.

377 3879 379 3884 .
451 3807 531 3906 Qui
557 3827 683 3886 autern
710 3805 865 3886 Domus
890 3810 947 3886 uel
974 3809 1208 3907 possessiones
1231 3807 1387 3890 Ordinis
1410 3818 1653 3914 alienaverit,
1679 3826 1736 3900 vel
1764 3827 1851 3902 alie·

457 3937 541 4014 nari
565 3933 814 4031 consenserit,
836 3938 976 4036 quique
1000 3938 1042 4012 in
1067 3936 1244 4032 pradiliis
1269 3937 1468 4033 prulliterit
1493 3949 1707 4043 auxilium,
1729 3952 1850 4038 conli-

453 4065 549 4142 lium
577 4064 635 4140 rel
661 4057 827 4138 favorem
856 4062 896 4134 in
920 4057 1080 4137 Ordinis
1103 4060 1379 4159 prejudicium,
1403 4065 1483 4164 ipso
1506 4069 1604 4147 fauo
1628 4071 1673 4150 fir
1700 4099 1850 4152 excom·

451 4189 688 4282 municatrrs',
720 4191 757 4264 ὅ(
792 4183 821 4262 t}
854 4181 1074 4280 Praeposrtus
1105 4181 1255 4282 fuerit,
1285 4190 1344 4262 tel
1378 4187 1583 4288 Praelatus,
1620 4195 1852 4278 Praelationis

447 4313 589 4394 Officio
612 4309 657 4389 su
688 4311 874 4410 privatus,
906 4327 950 4382 ut
985 4309 1024 4382 in
1050 4305 1216 4394 Rubrica
1248 4311 1295 4395 de
1329 4311 1436 4392 retus
1464 4313 1621 4396 Ordinis
1656 4347 1737 4399 uon
1764 4329 1850 4401 alie.

449 4433 606 4522 nandit.
643 4437 683 4514 Si
712 4433 773 4532 qui
801 4429 1051 4524 Conventus,
1088 4435 1145 4506 vel
1183 4434 1312 4532 aliquae
1338 4434 1511 4516 Personae
1545 4443 1702 4522 Ordinis
1726 4449 1849 4529 Noilri

452 4577 553 4650 inter
578 4565 613 4644 se
637 4557 878 4682 questionem
903 4555 1068 4656 aliquam
1090 4557 1152 4638 seu
1168 4557 1430 4639 dissenfiouem
1451 4563 1675 4671 habuerint,
1692 4579 1730 4654 dt
1749 4599 1849 4654 extra

1740 4703 1811 4782 01.
