3970 6230
531 564 605 645 ἰὼ
963 573 1399 657 Cutourcou
1566 658 1570 664 ,

585 695 738 776 Domus
763 699 944 782 Sororum
977 708 1022 782 de
1048 703 1262 802 Orseoegar
1295 705 1447 784 Sorores
1481 709 1675 809 quatuor,
1709 693 1862 812 frateror·

487 826 568 901 ium
596 848 739 902 unum.

767 957 805 1026 Irr
830 954 979 1046 Brixia,
1006 951 1048 1033 δ
1073 954 1208 1042 viarm
1228 973 1325 1031 eram
1351 967 1448 1030 certae
1473 958 1623 1029 morus.
1741 961 1745 968 '
1789 930 1792 938 ’

587 1076 742 1154 Domus
766 1079 812 1156 de
837 1078 1056 1156 Gambarar
1091 1075 1234 1158 Fratres
1259 1083 1477 1178 duodecim,
1505 1083 1662 1160 Sorores
1689 1074 1865 1168 tredecim,

486 1197 620 1280 famul.
648 1224 741 1280 tres.
895 1249 899 1258 -
930 1247 935 1258 ·

588 1327 653 1406 De
681 1329 718 1407 S.
746 1328 867 1406 Luca:
896 1330 1038 1411 Fratres
1063 1333 1214 1428 decem,
1240 1334 1394 1412 Sorores
1420 1331 1587 1433 septem,
1611 1328 1746 1408 semul.
1771 1316 1869 1404 uuus·

591 1451 655 1530 Dc
682 1453 837 1552 Medion:
863 1453 1005 1532 Fratres
1029 1461 1220 1559 quinque,
1245 1457 1398 1534 Sorores
1425 1480 1517 1535 tres.

591 1579 656 1658 De
683 1579 881 1659 Palazoim
910 1585 1053 1665 Fratres
1078 1590 1277 1679 undecim,
1303 1587 1430 1663 Soror.
1458 1609 1554 1680 tres,
1579 1583 1675 1662 fam.
1704 1637 1748 1660 ..
1774 1599 1802 1658 .’

591 1707 656 1786 88.
684 1705 873 1807 Philippi,
897 1717 934 1790 dt
960 1711 1111 1810 Jacobi:
1138 1711 1281 1788 Fratres
1307 1711 1416 1805 odo,
1443 1713 1571 1791 Soror.
1599 1710 1687 1806 sex,
1711 1711 1817 1790 sem..
1837 1763 1867 1786 ..

594 1833 659 1912 De
684 1832 982 1932 Contignagha:
1009 1835 1148 1913 fratres
1176 1861 1339 1931 norem,
1365 1837 1493 1914 Soror.
1519 1837 1628 1932 doe,
1654 1834 1743 1912 sam.
1767 1889 1775 1912 .
1798 1884 1839 1909 ..

595 1965 634 2042 S.
663 1962 847 2040 Faustini:
876 1963 1017 2040 Fratres
1045 1964 1206 2063 septem,
1234 1967 1391 2046 Sorores
1415 1971 1520 2046 duae.

591 2086 657 2166 De
682 2085 945 2164 Monteciarot
971 2086 1116 2164 Fratres
1140 2111 1324 2188 quotuor,
1352 2091 1477 2169 Soror.
1503 2069 1609 2168 duae‘.

593 2207 658 2288 De
682 2207 806 2288 Cemo
833 2211 874 2302 io
902 2207 1055 2287 Diacefi
1070 2238 1080 2285 r
1107 2210 1248 2306 Fratres
1272 2215 1423 2307 decem,
1451 2215 1606 2292 Sorores
1634 2213 1819 2290 undecim.

595 2344 638 2417 In
664 2347 795 2420 Verona
819 2355 916 2418 erant
941 2338 1061 2432 alique
1088 2341 1216 2412 Domus
1240 2341 1434 2433 Freirrrm,
1458 2333 1499 2418 ss
1524 2367 1591 2416 utta
1620 2343 1794 2417 Sororum.

596 2462 660 2546 De
686 2469 722 2544 ie
748 2465 890 2544 Glarar
919 2463 1062 2541 Fratres
1087 2463 1309 2561 duodecim,
1335 2465 1488 2542 Sorores
1512 2467 1642 2544 decem
1669 2472 1706 2546 dr
1733 2487 1864 2556 uorem,

495 2587 632 2672 famul.
655 2595 771 2672 duos.
840 2577 844 2593 ⁸
1496 2591 1502 2602 '
1553 2613 1559 2618 ’

600 2720 666 2800 De
694 2720 869 2798 Aibaria:
894 2716 1034 2796 Fratres
1066 2741 1160 2815 tres,
1187 2719 1340 2798 Sorores
1367 2739 1545 2819 quatuor.

598 2846 663 2926 De
689 2850 724 2922 la
747 2847 908 2926 Levata:
938 2845 1082 2920 Fratres
1106 2846 1295 2942 quinque:
1322 2843 1447 2918 Soror.
1470 2867 1653 2942 quatuor,
1671 2839 1756 2920 sam.
1777 2839 1863 2916 duos.

601 2975 640 3052 8.
668 2970 927 3071 Chrissophori
956 2971 999 3044 dc
1022 2965 1266 3042 Flumiceiio:
1293 2965 1432 3043 Fratres
1459 2972 1610 3064 decem,
1640 2965 1784 3048 Sorores
1804 2959 1865 3036 ser·

600 3099 951 3179 DeRoverchiara:
979 3093 1121 3167 Fratres
1147 3093 1310 3189 septem,
1334 3093 1487 3170 Sorores
1511 3113 1700 3194 quotuor,
1724 3087 1865 3169 farrum

601 3222 665 3302 De
692 3220 846 3320 Jebeto:
873 3217 1014 3302 Fratres
1039 3217 1149 3309 ouo,
1174 3217 1327 3294 Sorores
1353 3221 1508 3315 decem,
1535 3217 1666 3296 sa‘mui.
1693 3273 1703 3296 .
1733 3267 1773 3294 ..

599 3349 664 3428 Dc
691 3341 879 3426 Roncho:
908 3338 1048 3414 Fratres
1074 3339 1224 3432 decem,
1251 3341 1387 3418 Sororr
1404 3345 1513 3436 odio,
1538 3340 1672 3420 samus.
1697 3344 1801 3419 duos.
1932 3437 1933 3450 Ν

605 3473 669 3552 De
696 3470 868 3551 Tomba:
895 3465 1035 3542 Fratres
1061 3464 1214 3556 decem,
1239 3467 1277 3540 dt
1304 3463 1455 3540 Sorores
1480 3467 1682 3544 undecim.
1932 3453 1933 3459 ἵ

605 3599 669 3680 De
695 3597 892 3676 Baidaria:
921 3589 1062 3666 Fratres
1089 3585 1173 3681 sex,
1199 3587 1353 3664 Sorores
1378 3589 1597 3666 duodecim.
1677 3593 1685 3604 '

607 3725 760 3802 Domus
787 3719 1008 3797 Sandorum
1032 3715 1077 3790 de
1104 3715 1139 3788 la
1156 3709 1356 3790 Bcverata:
1384 3709 1528 3790 Fratres
1552 3717 1750 3811 undecim,
1771 3709 1863 3789 samu·

509 3875 589 3950 pum
616 3873 760 3927 unum.
861 3909 865 3916 .

682 3979 723 4049 In
750 3977 922 4057 Μαηνκα,
948 3961 989 4042 do'
1014 3962 1163 4038 Vetraria
1189 3978 1287 4037 erant
1310 3963 1377 4038 dae
1403 3966 1531 4040 Domus
1555 3971 1729 4045 Sororum.

610 4101 648 4180 S.
674 4099 836 4178 Thomu
862 4095 909 4168 de
937 4087 1117 4165 Mantua:
1145 4085 1286 4164 Fratres
1312 4089 1429 4181 odo,
1458 4087 1611 4168 Sorores
1638 4112 1797 4179 norem,
1828 4075 1865 4156 st·

516 4233 638 4306 mulos
665 4227 780 4299 dt'ros.
1629 4235 1634 4246 ·

611 4351 674 4428 De
703 4345 872 4443 Rovigot
897 4340 1041 4416 Fratres
1067 4339 1253 4439 quinque,
1278 4337 1433 4414 Sorores
1456 4357 1636 4436 quatuor.

609 4473 672 4553 Dc
701 4473 837 4553 sarire:
870 4464 1033 4542 Fratrem
1062 4487 1206 4558 uuum,
1234 4463 1386 4538 Sorores
1413 4457 1494 4536 sex.
