3914 5504
457 549 508 632 96
675 543 1574 632 ¹¹HorarurauouuerMorrunrreuuu·

408 671 476 744 diri
506 675 623 750 valeat
652 680 932 775 quomodolibet
962 680 1017 752 vel
1044 673 1204 771 differri,
1226 681 1263 754 ἃ
1286 677 1330 751 de
1351 674 1480 776 quibos
1501 693 1835 772 quoruncumque.

410 799 499 873 toris
527 803 712 880 tenoribus
739 806 783 882 de
811 803 922 879 verbo
949 805 992 880 ad
1016 805 1167 881 verbum
1190 803 1358 879 habenda
1381 801 1423 878 sit
1445 803 1485 876 in
1510 796 1639 874 nostris
1662 795 1814 894 Litteris

410 930 557 1001 mentio
584 915 767 1024 specialis,
792 951 862 1001 nos
884 930 986 1004 enim
1009 954 1055 1006 ex
1078 955 1178 1006 nunc
1199 931 1344 1005 irritum
1367 929 1601 1006 decernimus
1624 929 1662 1002 &
1684 926 1837 1020 inane,

410 1049 435 1126 st
465 1050 562 1129 secus
588 1048 691 1150 super
718 1054 775 1130 his
802 1080 822 1129 a
848 1073 1035 1151 quoquam
1065 1055 1192 1156 quavis
1213 1055 1426 1132 audorirare
1449 1053 1602 1131 scienter
1623 1033 1680 1126 vel
1706 1052 1824 1148 igno·

407 1179 530 1254 ranrer
555 1182 757 1276 eontigerit
786 1185 982 1258 attentari.
1024 1181 1134 1260 Nulli
1162 1205 1254 1278 ergo
1281 1181 1442 1255 omnino
1476 1179 1679 1256 hominum
1708 1181 1819 1258 liceat

408 1307 508 1382 hanc
536 1308 706 1406 paginam
736 1307 867 1384 nostra
895 1305 1165 1403 absolutionis,
1192 1307 1409 1401 eredionis,
1446 1303 1714 1416 institutionis,
1743 1329 1815 1382 ro·

409 1437 586 1527 luntatis,
614 1417 891 1530 suppresseram,
913 1432 1172 1528 extindiionis,
1194 1435 1435 1526 mutationis,
1459 1426 1679 1532 provisionis
1689 1484 1701 1524 ,
1729 1452 1840 1528 prae·¹

410 1551 603 1652 serilonis,
638 1557 813 1653 Indulti,
850 1559 1022 1653 intenti,
1048 1560 1309 1657 ,derogationis
1342 1567 1380 1638 dr
1414 1560 1548 1636 decreti
1586 1554 1824 1654 infringere,

414 1691 469 1763 vel
499 1688 530 1760 ei
567 1683 654 1760 ausu
689 1687 885 1762 temerario
920 1687 1131 1762 contraire.
1171 1685 1210 1762 st
1246 1687 1326 1786 quis
1361 1705 1487 1762 autem
1524 1683 1596 1760 hoc
1629 1702 1817 1764 attentare
1921 1709 1924 1716 ’

411 1809 699 1911 praesumpserit,
726 1811 1028 1908 indignationem
1057 1809 1344 1908 omnipotentis
1372 1805 1447 1886 Dei
1475 1835 1516 1887 ae
1543 1807 1619 1886 ΒΒ.
1649 1809 1747 1888 Petri
1777 1815 1821 1890 δι

412 1939 517 2016 Pauli
554 1933 822 2034 Apostolorum
855 1937 931 2028 ejus
958 1937 992 2013 se
1021 1939 1167 2012 nouerit
1203 1932 1458 2034 incursurum.
1499 1931 1646 2014 Datum
1683 1938 1826 2020 Romae

413 2065 453 2140 in
494 2061 590 2138 Arce
627 2061 663 2140 S.
707 2063 845 2159 Angeli
886 2065 940 2152 (r)
976 2063 1095 2138 Anno
1139 2059 1413 2140 Incarnationis
1451 2057 1667 2152 Dominicae
1706 2085 1844 2168 15η.Ι

330 2247 335 2254 .
415 2189 571 2286 septimo
597 2183 787 2262 Kalendas
813 2181 903 2284 Julii
930 2183 1170 2264 Pontificarus
1195 2183 1322 2262 Nostri
1350 2183 1470 2266 Anno
1496 2185 1564 2264 1v.

414 2401 459 2478 (ς)
478 2395 616 2472 &angeli
637 2415 727 2458 arcem
748 2393 856 2456 tenebat
877 2415 925 2470 per
942 2395 972 2458 id
991 2414 1099 2470 tempus
1173 2388 1307 2456 Cesareia
1335 2394 1427 2470 copiis
1443 2393 1474 2458 ri
1493 2409 1716 2472 expugnatam,-
1733 2391 1762 2456 [ε
1779 2409 1833 2458 ra·

449 2499 580 2561 Clemens
597 2497 681 2570 Vll,
702 2496 731 2558 ia
750 2513 833 2572 quam
847 2534 857 2567 ,
873 2495 936 2571 pou
955 2493 1098 2559 Urbem·
1172 2511 1300 2569 ceperat.
1721 2491 1727 2504 ⁴

926 2675 1412 2774 mmmmm,

1017 2866 1225 2994 Excerptu

622 3063 674 3122 ex
709 3023 914 3143 Tabulis,
956 3017 1100 3152 quibus
1139 3036 1361 3128 Florentini
1396 3027 1618 3132 Humiliurs
1761 3063 1773 3150 ζ

412 3199 621 3298 &Lucia
658 3205 756 3289 edes
792 3203 1001 3292 muratos
1044 3206 1183 3322 Regul.
1224 3205 1515 3296 &Saloutaria
1542 3199 1826 3321 permittunt.-

743 3483 820 3547 asqu
834 3457 884 3544 ἡ.
902 3472 976 3550 aug.
993 3487 1032 3536 ex
1052 3471 1181 3538 Menum.
1202 3493 1247 3552 ap.
1265 3467 1313 3539 et
1332 3474 1495 3538 Maenium.

520 3755 568 3832 ab
594 3751 670 3846 eju's
694 3751 875 3832 salutisera
898 3753 1162 3834 incarnatione
1187 3755 1386 3835 millesimo
1408 3759 1710 3857 qitiogenlefimo
1729 3785 1824 3865 qua·

521 3875 732 3982 'dragefimo
758 3885 914 3978 oliano,
941 3877 1143 3955 indictione
1168 3876 1293 3970 sexta,
1325 3883 1363 3958 ὁ(
1388 3882 1448 3957 die
1476 3878 1638 3960 xxvll.
1674 3883 1821 3964 Mense

415 4009 600 4110 Augusti.
640 4009 776 4088 nuum
805 4003 1004 4082 Florentia
1034 4003 1071 4078 in
1097 3997 1258 4080 Ecclesia
1295 4008 1469 4090 omniurn
1498 4007 1721 4088 Sarritorum
1746 4009 1826 4088 Or-

416 4133 513 4216 dinis
533 4129 859 4225 Humiliator‘um,
881 4131 918 4209 dt
940 4129 981 4206 in
1004 4123 1174 4206 Sacrario
1193 4127 1294 4206 diua
1316 4127 1485 4208 Ecclesia
1500 4129 1821 4234 praesenribus&

415 4267 551 4346 Martia
579 4257 729 4339 Lazzeri
764 4259 809 4335 de
836 4253 1033 4334 Monralto
1071 4251 1289 4355 Regiensr,
1307 4259 1344 4334 dr
1378 4255 1552 4334 Silvellro
1587 4255 1745 4336 Rodulli
1771 4237 1822 4340 de

414 4391 541 4472 Pardua
577 4384 728 4463 famulis
752 4369 964 4480 iustasuripri
1000 4376 1166 4456 Domini
1195 4380 1470 4458 Commillarii.
1506 4379 1654 4464 Publice
1676 4409 1819 4488 pateat,

414 4515 573 4616 qualiter
598 4531 682 4589 eum
710 4503 780 4598 fit,
806 4503 905 4602 quod
932 4503 1024 4581 olim
1052 4503 1098 4580 de
1124 4525 1225 4580 annu
1249 4524 1363 4614 ¹1529.
1398 4507 1488 4584 dum
1510 4507 1732 4594 fromunde
1759 4518 1813 4594 ci.

417 4643 507 4722 vitas
534 4636 569 4720 se
594 4635 693 4718 bello
718 4632 924 4728 accingeret
938 4683 951 4727 ,
975 4629 1148 4710 demoliri
1173 4625 1300 4711 secerir
1333 4627 1533 4714 Ecclefiern
1559 4637 1598 4716 de
1624 4637 1816 4722 Monalle-

1670 4766 1771 4848 rium

420 3625 535 3970 IN
558 3620 636 3710 Des
664 3625 857 3710 Nomine·
893 3631 1043 3714 Amen.
1083 3623 1208 3706 Anno
1231 3621 1395 3706 Domitii
1423 3625 1536 3708 nostri
1563 3627 1647 3729 Jesu
1674 3571 1826 3714 Christi
