3970 6230
421 622 425 630 1
521 547 594 625 232
828 564 833 586 =
949 529 1412 611 Cunourcunr·

473 653 625 731 usitatus
651 651 719 732 fuit
745 653 934 754 quousque
962 659 1091 734 titulus
1116 660 1148 734 ei
1177 681 1338 736 mutatus
1365 658 1470 754 fuit,
1505 679 1544 738 ut
1571 659 1615 736 de
1644 657 1790 736 Prelatn
1813 660 1844 732 in

475 779 742 878 Praepofitutn,
770 807 832 878 per
859 781 1001 882 Fratres
1025 783 1198 862 Braidae:
1234 785 1399 862 uidelicet
1435 784 1613 879 Tunica,
1647 792 1685 864 dt
1710 783 1853 860 Hunessa

476 909 557 984 aiba
587 907 662 983 fine
687 907 895 1003 Capuceiu.
923 910 992 985 Sed
1019 933 1123 1016 extra
1150 911 1363 988 Claussrurn
1393 915 1589 1011 portabant
1615 911 1848 1005 Manteiium,

477 1017 549 1110 seu·
566 1031 852 1122 Mantelessam,
877 1057 957 1128 quae
984 1035 1115 1108 dicitur
1136 1035 1368 1128 Gabanunr,
1397 1063 1474 1112 nun
1505 1037 1641 1113 sciiintn
1673 1059 1784 1128 ante,
1807 1035 1853 1110 sed

479 1161 590 1238 habet
618 1165 693 1235 duo
721 1156 906 1234 feramina
933 1184 999 1254 pro
1026 1159 1212 1236 trahendo
1234 1162 1380 1238 brachia
1404 1161 1516 1240 foris:
1542 1167 1580 1242 bt
1605 1167 1646 1238 in
1672 1165 1780 1258 capite
1803 1161 1851 1236 Bi·

480 1287 615 1365 rettutu
643 1286 769 1363 album
795 1283 1152 1377 deferebant;1deo
1178 1288 1392 1364 dicebantur
1420 1285 1561 1363 Fratres
1589 1285 1791 1363 Barettani.
1812 1285 1850 1364 Et

378 1505 380 1510 .
481 1413 660 1493 secundus
688 1411 833 1484 habitus
861 1411 1078 1507 principium
1108 1411 1238 1488 habuit
1265 1413 1541 1509 quampluribus
1568 1412 1677 1486 annis
1704 1433 1782 1489 antc
1805 1413 1851 1486 ad·

453 1523 635 1619 'uenture
672 1535 716 1612 B.
749 1531 906 1629 Joennis
934 1533 1157 1628 presbiteri,
1191 1537 1253 1634 qui
1288 1537 1440 1610 initium
1475 1535 1576 1610 dedit
1612 1535 1723 1610 tertio
1758 1559 1853 1610 mern·

483 1673 550 1748 bro
577 1665 760 1754 Ordinis,
783 1667 820 1739 dr
850 1659 906 1734 his
933 1658 1078 1736 habitus
1098 1661 1252 1736 dabatur
1281 1664 1385 1754 taiis,
1411 1661 1472 1760 qui
1494 1661 1533 1736 in
1555 1683 1687 1734 eorum
1708 1659 1853 1737 domibus

484 1790 672 1890 aggregati
690 1785 884 1876 volebant,
911 1789 946 1862 bt
970 1785 1013 1858 ad
1033 1785 1127 1860 lanu
1148 1786 1363 1862 exercitium
1384 1809 1468 1860 curn
1492 1785 1571 1864 aliis
1585 1785 1851 1862 inducebantur.

611 1996 665 2064 De
690 1989 847 2090 religinlr's
872 1988 1098 2081 mulieribus,
1123 1987 1164 2068 d
1189 2015 1304 2065 earum
1329 1987 1469 2065 habr'tu:
1496 1994 1546 2062 Et
1570 1989 1607 2064 de
1635 1987 1756 2080 titulo,
1786 2053 1789 2062 ,

891 2140 953 2214 quo
977 2112 1101 2191 dicitur
1120 2110 1302 2200 Minister.
1327 2119 1409 2214 Cap.
1425 2118 1482 2190 VI.

487 2289 744 2474 MUiieres
767 2289 906 2368 maritis
925 2289 1373 2366 confentientesxv'nientes
1398 2289 1436 2364 in
1459 2285 1618 2366 castitate
1639 2289 1857 2388 perseverare,

628 2443 669 2498 ut
693 2419 900 2498 Monachus
922 2418 1042 2510 albas,
1063 2415 1097 2493 se
1116 2418 1352 2514 guaudarinis
1372 2421 1607 2512 ligaverunt,
1635 2425 1672 2497 br
1692 2420 1774 2495 veiis
1791 2415 1857 2490 albis

491 2548 742 2641 velaverunt,
769 2555 806 2627 dr
833 2541 964 2624 runicis
989 2571 1078 2636 cunt,
1101 2542 1275 2620 Honestis
1300 2547 1369 2630 <ut
1395 2541 1618 2622 Humiliatre
1646 2551 1691 2624 de
1716 2541 1859 2622 Biaiinno

490 2665 727 2760 Mediolani)
757 2693 941 2748 utuntur..
974 2667 1024 2744 Et
1053 2672 1179 2744 multu
1214 2667 1293 2740 aliae
1327 2668 1371 2750 de
1403 2665 1546 2744 Ordine
1573 2695 1593 2746 a
1624 2675 1709 2750 viris
1735 2673 1794 2748 suis
1816 2671 1858 2743 ina

489 2795 603 2872 dudit
629 2793 810 2872 suerunt:
841 2791 1029 2870 &clausae
1055 2794 1092 2867 iu
1119 2791 1247 2872 debitis
1274 2789 1588 2872 Monaiieriorum
1617 2800 1806 2890 clausuris,
1828 2795 1855 2870 u

489 2915 658 3019 separatae
685 2919 949 3010 afratribus3
985 2943 1053 2992 nec
1084 2919 1170 2994 inde
1205 2918 1353 2994 exibant
1391 2919 1458 2996 niii
1492 2943 1649 3018 urgente
1674 2923 1800 3000 cause:
1828 2923 1855 2995 dt

489 3073 610 3126 unam
635 3047 850 3124 Dominam
878 3045 980 3143 super
1003 3047 1113 3137 alias,
1141 3042 1508 3120 seilicet'Mr'niiirana
1527 3048 1775 3154 constituunt,
1794 3067 1855 3146 que

493 3175 653 3255 Praelatu
673 3193 751 3250 erat
777 3169 930 3260 subjecta
952 3221 963 3244 .
1002 3167 1049 3243 In
1085 3169 1157 3244 iliis
1175 3191 1336 3267 ,qunque
1369 3168 1555 3248 Clausurir
1587 3177 1669 3254 aiiae
1693 3177 1855 3264 mulieres,

496 3326 578 3402 quae
606 3299 791 3375 mundum
819 3295 1116 3388 renunciabant,
1144 3291 1451 3390 permittebantur
1477 3297 1613 3374 intrare
1634 3327 1645 3378 e
1670 3308 1708 3379 ἃ
1725 3304 1794 3376 aiiu
1810 3317 1856 3392 per

495 3426 532 3506 se
550 3427 734 3506 Ctennbia
753 3448 774 3501 a
794 3419 980 3500 Fratribus
1000 3421 1157 3516 separata
1181 3415 1384 3514 faciebant,
1403 3441 1445 3498 ut
1467 3420 1655 3502 Matronae
1672 3419 1856 3503 Mnuaiierii
1888 3376 1931 3490 N

495 3559 542 3637 de
569 3552 772 3647 Blaiiuno,
797 3555 836 3630 br
859 3551 940 3626 uliae
968 3547 1007 3624 in
1034 3547 1194 3646 pluribus
1222 3545 1402 3644 partibus.
1930 3569 1931 3572 ‘

528 3765 583 3838 De
604 3715 865 3860 retruserunt
889 3753 1070 3849 Membri,
1096 3779 1155 3852 qun
1179 3754 1306 3830 dicitur
1331 3755 1522 3850 Praelatur,
1548 3750 1590 3838 b
1615 3759 1653 3836 de
1678 3751 1846 3844 oratoriis,

809 3877 850 3962 dr
864 3883 969 3970 ficati
994 3879 1101 3970 effredi
1118 3881 1201 3976 June
1227 3883 1351 3958 Clerici
1364 3937 1374 3960 .
1401 3891 1480 3986 Cep.
1505 3889 1584 3960 VII.

498 4083 615 4162 1040.
720 4057 758 4138 T
779 4057 923 4134 Fratres
943 4055 1088 4132 secundi
1104 4057 1263 4134 membri
1288 4057 1365 4157 pust
1388 4059 1554 4138 habitunt
1568 4058 1780 4159 affumpturn
1796 4077 1863 4130 ton·

494 4242 500 4254 ·
622 4209 628 4220 ·
747 4183 941 4262 stituerunt
968 4185 1006 4258 in
1035 4182 1096 4258 sua
1124 4178 1342 4275 mansione,
1373 4181 1434 4260 seu
1454 4183 1641 4264 Coennbr'u
1662 4211 1796 4276 uuum,
1816 4175 1862 4278 qui

501 4314 911 4402 Preietusvocabatur,
932 4311 993 4411 qui
1018 4309 1128 4406 usque
1149 4305 1261 4382 bodie
1283 4329 1303 4380 a
1325 4309 1447 4404 primo
1461 4307 1636 4407 Magister
1655 4314 1696 4388 in
1718 4309 1862 4409 aliquibus

501 4441 691 4521 Durnibtrs
712 4457 863 4511 vocatus
885 4433 959 4508 eii:
987 4429 1052 4507 iub
1073 4431 1230 4528 quadam
1258 4450 1383 4508 tamen
1406 4431 1660 4513 obseruatione
1684 4431 1861 4534 religiosam

500 4573 613 4650 ritant
630 4559 840 4663 degebant.
863 4553 1016 4656 insuper
1032 4557 1075 4632 iu
1096 4553 1168 4634 suia
1186 4553 1379 4636 Coenobiis
1394 4555 1570 4640 Oratueia
1590 4553 1854 4648 construxerunt:

1727 4693 1762 4768 ὃ(
1784 4686 1825 4763 ibi
1924 4717 1930 4828 4
