3970 6230
497 595 570 675 188
648 603 1091 688 Huurtrarortuu
1127 601 1626 684 consternarentur

432 719 561 801 Frater
588 729 781 811 Antonius
808 729 1024 831 Praeposrtus
1050 732 1205 811 Domus
1230 729 1459 814 Communis
1483 734 1528 810 de
1554 731 1761 828 Pergamo.
1850 719 1853 800 ζ

432 848 760 936 FraterAlbertus
787 856 1004 958 Praeposrtus
1032 857 1184 936 Domus
1210 857 1461 960 dela'Glara
1491 857 1673 934 Veronae.
1740 893 1751 902 -

431 976 555 1055 Frater
586 976 797 1078 Stephanus
826 983 1042 1084 Praeposrttrs
1070 985 1222 1062 Domus
1241 977 1293 1061 ¹de
1321 985 1416 1061 Vico
1439 982 1674 1062 Cumarum.
1805 1035 1810 1046 ·

437 1103 564 1181 frater
593 1103 792 1204 Jac'obinus
818 1111 1034 1210 Praepofitus
1062 1084 1284 1189 Domur'de
1310 1109 1500 1188 Maeliano
1529 1106 1761 1186 Mediolani.

434 1233 561 1310 Frater
582 1233 753 1313 Andreas
777 1235 994 1338 Ptaepofitus
1009 1239 1160 1316 Domus
1173 1236 1361 1313 Omnium
1378 1235 1600 1314 saeuorum
1614 1233 1832 1312 Florentia.

433 1358 560 1435 Frater
581 1355 745 1456 Joannes
765 1363 918 1462 Praepofi
926 1388 981 1442 tus
999 1365 1151 1444 Domus
1164 1363 1284 1440 Saniii
1300 1360 1562 1459 Chrillophori
1575 1361 1621 1439 de
1632 1359 1834 1437 Vercellis.

434 1487 559 1564 Frater
586 1486 801 1564 Leonardus
828 1489 1044 1585 Praeposrtus
1073 1490 1225 1567 Domus
1243 1487 1383 1564 Saniiae
1409 1485 1570 1566 Martha
1593 1489 1639 1568 de
1663 1485 1809 1583 Jantaa.

433 1611 560 1689 Frater
586 1610 880 1712 Christophorus
908 1615 1125 1714 Fraepofitus
1151 1615 1305 1692 Donrus
1325 1618 1370 1691 de
1392 1615 1578 1715 Carugate
1601 1613 1836 1692 Mediolani.

436 1737 559 1816 Frater
587 1739 830 1820 Bartholinus
853 1741 1077 1841 Ptaepofitus
1102 1741 1254 1820 Domus
1278 1743 1499 1821 Senatorum
1525 1739 1685 1840 Philippi
1711 1745 1750 1818 ὃ(
1775 1736 1835 1837 Ja-

436 1863 807 2042 Fratelollirgitltltlifts
836 1964 1050 2061 Praeposrtus
1076 1966 1227 2044 Domus
1250 1968 1296 2042 ele
1317 1965 1543 2050 Moutelorti
1575 1965 1809 2044 Mediolani.

430 2089 737 2170 frater·Alettius
766 2092 981 2190 Praeposrtus
1007 2093 1158 2170 Domus
1184 2097 1228 2170 de
1255 2089 1453 2170 Baldaria.

431 2215 554 2294 Frater
582 2215 760 2298 Donatus
787 2219 1005 2319 Praepofitns
1032 2218 1184 2304 Domus
1216 2221 1339 2300 saneti
1377 2218 1644 2302 Bartholomaei
1673 2220 1720 2298 de
1748 2219 1831 2300 Per·

528 2368 673 2444 ganto.
1228 2401 1234 2410 -

429 2475 553 2552 Frater
579 2472 711 2552 Dodus
737 2471 955 2572 Fraepofitus
982 2470 1134 2548 Donrus
1161 2471 1206 2548 de
1234 2471 1410 2548 Mutina.

428 2605 553 2680 Frater
580 2601 735 2710 Jacobus
764 2602 978 2700 Praepofitus
1007 2601 1159 2676 Domus
1183 2600 1227 2676 de
1254 2599 1440 2676 Biazzano
1468 2599 1667 2699 Pergami.

430 2734 555 2810 Frater
584 2728 770 2804 Martinus
797 2727 1013 2828 Praeposnus
1040 2726 1192 2804 Domus
1218 2725 1437 2804 Saniiorunr
1466 2727 1632 2804 Simonis
1659 2731 1696 2806 ἀ
1724 2723 1824 2824 Juda

529 2859 573 2934 de
601 2856 788 2932 Novaria.

427 2984 552 3059 Frater
580 2984 793 3058 Francottus
820 2952 1037 3076 Praepofitus
1058 2955 1212 3055 Domus
1231 2975 1353 3064 santii
1378 2971 1538 3051 Martini
1560 2977 1605 3054 de
1628 2973 1823 3052 Vercellis.

427 3111 551 3188 Frater
578 3106 799 3188 Laurentius
827 3103 1043 3204 Praepofittrs
1069 3103 1223 3180 Dotnus
1247 3105 1292 3178 de
1320 3103 1513 3179 Veneriis.
1796 3199 1802 3208 ι

425 3237 552 3317 Frater
580 3234 774 3313 Antonius
803 3229 1025 3324 Praepofittrs'
1049 3229 1200 3306 Domus
1224 3231 1272 3304 de
1300 3229 1451 3322 Ripalta
1477 3228 1523 3302 tle
1549 3225 1767 3304 Modoetia.
1950 3317 1951 3326 ἵ

426 3360 768 3442 FratreMaffiolus
790 3356 1005 3454 Propositus
1031 3353 1314 3434 DomusSaniii
1332 3351 1527 3428 Michaelis
1542 3355 1586 3428 de
1607 3352 1817 3430 Modoetia.
1950 3337 1951 3376 ³

426 3493 549 3572 Frater
575 3489 752 3567 Giratdus
780 3484 998 3582 Praeposrtus
1024 3471 1177 3559 Domus
1203 3482 1247 3572 de
1275 3478 1487 3590 Maeliovico
1517 3477 1743 3554 Modoetiae.

423 3617 549 3696 Frater
575 3613 729 3712 Jacobus
751 3614 876 3690 Petrus
898 3607 1115 3708 Praepofitus
1139 3605 1287 3680 Domus
1299 3607 1352 3679 'de
1376 3604 1574 3706 Cavenago
1591 3609 1816 3684 Meduana.

424 3745 549 3821 Frater
576 3740 731 3836 Jacobus
758 3735 973 3833 Ptaepofitus
1001 3735 1151 3809 Domus
1177 3733 1222 3806 de
1249 3729 1405 3809 Carate.

423 3867 546 3944 Frater
575 3863 771 3960 ‚lacobinus
800 3857 1014 3953 Praeposrtus
1042 3857 1193 3932 Domus
1220 3857 1266 3932 de
1296 3859 1497 3957 Applano.
1604 3949 1607 3956 Ι

424 3989 548 4066 Frater
575 3985 759 4064 Gallinas
786 3982 1000 4080 l'raeposrtus
1027 3981 1180 4056 Domus
1206 3983 1250 4056 de
1279 3979 1479 4062 Loearno.

425 4117 550 4194 Frater
577 4106 856 4190 Franeilelrinus
891 4103 1108 4204 Praeposrtus
1142 4104 1293 4182 Domus
1326 4109 1448 4184 Seruili
1482 4111 1746 4213 Clrtilioplrori
1771 4116 1815 4193 de

524 4238 675 4316 Laude.

420 4363 547 4440 Frater
576 4363 767 4440 Antonius
797 4357 1015 4458 Praeponrus
1042 4357 1194 4434 Domus
1218 4357 1339 4432 Sanili
1361 4359 1516 4455 Spiritus
1539 4366 1583 4442 de
1609 4365 1816 4446 Placentia.

419 4492 544 4574 Frater
573 4487 701 4567 Petrus
728 4481 941 4582 Praepol‘rtos
966 4479 1284 4562 Domusuuuae
1313 4484 1442 4562 Mariae
1467 4495 1510 4568 de
1536 4491 1669 4592 Burgn
1693 4495 1823 4598 Sentii,

499 4613 744 4697 Damnioi.
1714 4699 1716 4704 Ι

1633 4745 1761 4830 Frater
