4100 5500
494 606 566 662 rio
645 582 1633 668 Haunrnraroanuennarrationes

441 711 647 810 positorum
675 715 861 806 majorum
884 772 894 810 ,
920 719 958 793 dt
984 715 1096 791 etiam
1123 715 1311 809 aliorum,
1338 739 1431 812 quos
1458 719 1613 814 &quot
1640 725 1850 784 convocate

446 844 605 920 voluerit
619 899 631 938 ,
657 843 776 940 ipsum
801 846 964 944 deponat
988 847 1033 921 ab
1054 841 1190 921 Officio
1213 841 1488 941 Praeposrturaa,
1514 846 1705 918 &tectura
1729 830 1860 951 ipsum⁸

445 974 616 1070 procedat
638 969 709 1048 suis
727 953 913 1050 demeritis
933 975 1191 1074 exigentibus,
1210 971 1356 1070 Juslitia
1381 973 1594 1050 mediante:
1618 967 1747 1065 sponte
1763 985 1856 1040 veto

432 1101 645 1178 cedentem
672 1097 910 1192 consoletur,
937 1102 1062 1196 rigore
1088 1122 1217 1192 tamen
1238 1099 1565 1182 Constitutionum
1590 1093 1745 1174 Ordinis
1770 1115 1857 1168 nou

445 1216 613 1302 omilin.
653 1225 762 1302 Nulli
796 1227 910 1302 etiam
950 1223 1113 1303 Professo
1149 1229 1256 1308 liceat
1288 1225 1419 1328 absque
1443 1225 1592 1324 proprii
1627 1221 1856 1300 Conventus

448 1355 597 1428 licentia
632 1351 677 1428 ad
711 1351 888 1428 Domum
924 1353 1073 1447 aliam,
1107 1355 1322 1440 manualem
1359 1351 1562 1453 prestando
1598 1351 1856 1430 obedientiam

453 1475 488 1553 se
512 1475 730 1554 transferte:
753 1475 802 1554 Et
822 1481 885 1578 qui
906 1478 1058 1556 obtenta
1080 1481 1228 1556 licentia
1251 1474 1434 1556 transterit
1455 1478 1501 1554 ad
1521 1475 1699 1558 Domum
1721 1479 1863 1572 aliam,

452 1606 745 1682 nihilomnino
774 1625 901 1702 prater
935 1631 1079 1705 pannos
1111 1608 1156 1683 de
1181 1604 1292 1683 dorso
1317 1609 1356 1685 dt
1383 1609 1512 1702 terto,
1548 1626 1692 1706 portare
1728 1607 1861 1705 aliquo

451 1734 569 1810 modo
596 1733 727 1831 quovis
754 1733 810 1805 tel
837 1733 995 1830 ingenio
1023 1733 1241 1834 praesumat,
1267 1731 1368 1836 quali
1396 1759 1463 1834 pro
1490 1754 1589 1831 parte
1615 1733 1679 1810 fibi
1706 1734 1862 1811 contin.

449 1883 595 1956 gente,
628 1883 699 1938 neo
722 1861 870 1936 licentia
898 1862 938 1935 in
964 1863 1197 1938 contrarium
1223 1862 1379 1938 obtenta
1405 1865 1559 1953 valeat,
1596 1859 1655 1936 vel
1684 1861 1859 1959 palium,

420 2027 424 2034 ‚
448 1987 778 2092 velaliaquaclibet
793 1987 969 2088 obligatio
992 1987 1126 2064 lrabeat
1150 1969 1311 2086 aliquam
1330 1984 1567 2064 firmitatem.
1591 1985 1856 2074 Veruntamen

448 2116 490 2192 in
519 2113 707 2212 Praepofiti
736 2114 781 2190 ad
809 2111 1089 2214 Praepostturam
1112 2115 1224 2191 aliam
1244 2113 1347 2189 eledii
1368 2112 1437 2189 erit
1458 2110 1633 2205 arbitrio,
1661 2110 1859 2212 postquam

450 2267 515 2344 per
542 2239 763 2318 Dominum
795 2236 1016 2338 Magillrum
1049 2237 1270 2338 approbatus
1294 2235 1429 2335 fuerit,
1455 2236 1523 2316 suo
1548 2237 1723 2340 requisito
1749 2237 1861 2317 Cou-

445 2385 569 2444 ·ventu
597 2386 723 2443 utrum
751 2368 839 2443 velit
866 2365 907 2442 in
933 2363 1009 2457 iam
1038 2365 1167 2463 adepta
1195 2388 1444 2461 permanere,
1479 2389 1528 2442 att
1556 2367 1600 2443 ad
1628 2369 1775 2461 aliam,
1808 2367 1858 2446 ad

448 2517 563 2592 quam
590 2493 723 2570 eladius
748 2490 832 2586 estt,
859 2489 894 2570 se
920 2487 1148 2570 transferre.
1176 2487 1500 2594 Quandocumque
1526 2512 1651 2572 autem
1679 2495 1862 2578 Domino

444 2617 658 2720 Magistro,
678 2620 733 2696 vel
750 2615 1012 2696 visitatoribus
1032 2617 1251 2693 intimatum
1273 2614 1411 2712 fuerit,
1432 2618 1675 2718 Praepositum
1695 2624 1862 2724 aliquem

448 2747 655 2827 simoniace
682 2745 840 2824 ereetum
865 2738 968 2819 fuisse
991 2769 1002 2834 ;
1027 2765 1118 2820 mox
1145 2741 1249 2840 super
1275 2743 1350 2821 hoc
1376 2748 1573 2826 veritatem
1600 2751 1793 2852 inquirat,
1820 2753 1862 2832 ἀ

453 2875 483 2954 st
506 2876 557 2951 ita
576 2869 712 2965 luerit,
736 2873 794 2946 vel
817 2869 1026 2962 invenerit,
1053 2869 1273 2946 elediiouem
1295 2871 1407 2970 ipsam
1432 2881 1653 2976 pronuntiet
1677 2873 1747 2957 esse
1775 2881 1864 2958 nul.

453 3005 565 3082 lam.
601 2998 767 3076 Privetur
792 3019 941 3096 quoque
966 2997 1076 3074 omni
1105 2997 1318 3096 praelatione
1340 3057 1351 3094 ,
1377 3005 1415 3081 dt
1439 3004 1653 3104 dignitate,
1687 3008 1749 3106 qui
1777 3029 1868 3108 pro.

451 3132 600 3211 curanti
614 3129 744 3238 'redire
769 3126 813 3203 ad
840 3119 1017 3198 Domum
1043 3119 1147 3200 suam
1173 3145 1302 3203 contra
1325 3129 1560 3206 voluntatem
1587 3129 1753 3210 Domini
1778 3131 1869 3212 Ma·

456 3261 556 3367 giliri
577 3314 590 3355 ,
614 3258 675 3336 trel
700 3255 938 3332 vicariorum
963 3250 1071 3347 ejus,
1106 3267 1175 3329 aut.
1195 3251 1477 3350 Vilitatorum,
1513 3281 1598 3334 cum
1627 3259 1756 3360 aliquo
1781 3261 1868 3338 adu

451 3395 662 3482 violento,
687 3403 752 3462 aut
780 3381 982 3462 Potentum
1010 3402 1072 3460 aut
1100 3379 1304 3458 Parentum
1333 3383 1473 3462 auxilio
1500 3387 1709 3484 inuocato,
1742 3387 1870 3468 conli-

453 3521 588 3612 lium,
621 3514 839 3608 auxilium,
872 3512 929 3587 tel
955 3506 1124 3587 favorem
1151 3507 1353 3605 praestiterit
1370 3512 1554 3618 redeundi
1575 3542 1595 3604 a,
1612 3521 1660 3596 r&
1687 3521 1869 3618 puniatur

454 3666 499 3726 ut
527 3647 568 3725 in
596 3641 759 3723 Rubrica
783 3637 830 3713 de
852 3637 969 3734 poeuis
988 3637 1102 3732 culpe
1121 3633 1322 3734 gravioris.
1349 3635 1573 3736 Refignatio
1597 3665 1686 3718 vero
1710 3643 1868 3736 alicuius

455 3771 648 3872 Pruposrri
675 3791 756 3844 non
783 3765 936 3854 valeat,
969 3784 1037 3836 nec
1064 3757 1215 3850 alicujus
1242 3755 1424 3838 firmitatis
1451 3766 1509 3840 tel
1537 3766 1674 3862 vigoris
1699 3765 1863 3863 existat,

459 3901 522 3979 sed
550 3921 617 3998 pro
644 3895 748 3970 nulla
781 3891 946 3968 omnino
973 3885 1190 3979 habeatur,
1217 3884 1288 3962 nist
1315 3887 1357 3963 iu
1384 3891 1556 3968 manibus
1583 3893 1748 3998 Domini
1777 3891 1866 3974 Ma-

457 4026 562 4128 giliti
587 4022 699 4102 fuerit
723 4018 843 4111 falia,
870 4015 927 4092 vel
954 4009 1189 4102 rius-Nuntii
1215 4013 1262 4089 ad
1287 4017 1536 4116 recipiendum
1562 4020 1776 4112 huiusmodi
1806 4049 1866 4104 re·

458 4154 713 4255 lignationem
733 4145 935 4246 specialiter
953 4141 1139 4239 deputati.
1166 4135 1345 4238 Magister
1364 4163 1489 4222 autem
1510 4143 1691 4244 Ordinis,
1718 4149 1745 4227 st
1770 4129 1863 4250 pra.

460 4285 642 4364 varicator
666 4271 824 4354 Ordinis
848 4269 1036 4363 extiterit,
1063 4289 1124 4344 aut
1148 4291 1422 4366 contemptor,
1440 4277 1497 4348 vel
1522 4276 1613 4354 adeo
1635 4281 1859 4378 negligens,

459 4415 520 4493 tel
548 4403 743 4496 remissus,
773 4396 876 4500 quod
908 4389 1186 4471 dillolutiortem
1219 4393 1379 4472 Ordinis⁴
1397 4397 1578 4496 inducat,
1614 4403 1863 4486 admoncatur

458 4529 807 4622 incentionem,
832 4541 874 4598 ut
899 4517 935 4596 se
957 4523 1118 4617 corrigat
1146 4525 1183 4600 ἃ
1210 4525 1403 4599 emender:
1430 4527 1468 4604 δι
1493 4524 1521 4602 fi
1550 4533 1719 4609 monitus
1746 4529 1860 4610 semel

455 4673 497 4752 ur
521 4669 659 4751 iterum
679 4679 762 4743 nou
775 4647 1058 4748 emendaverit,
1077 4669 1169 4742 tuuc
1187 4649 1403 4750 inducatur,
1423 4649 1621 4752 utlponte
1642 4657 1863 4760 Magitierio

1748 4811 1807 4870 ω-
