4076 5496
490 516 1408 598 Aurorrrroursosttrusrnatr.
1550 531 1597 610 35

249 637 498 734 regularibus,
523 667 610 717 cum
633 669 743 740 cura,
765 648 821 722 vel
845 647 919 724 fine
937 672 1049 740 eura,
1075 643 1368 744 per'hujusmodi
1393 638 1646 739 provisiones,
1739 711 1747 730 ,

252 765 308 837 ret
336 765 512 842 mandata
536 769 584 843 de
605 773 860 868 providendo,
888 773 1097 864 hujusmodi
1120 770 1295 850 beneficia
1319 795 1399 844 non
1420 765 1644 845 censeantur

245 913 451 988 perpetua,
478 893 537 968 secl
565 917 781 974 remaneant
809 900 1027 978 revocabilia
1054 907 1091 982 ὃ(
1119 900 1308 978 manualia
1336 894 1422 970 srcttr
1452 894 1577 990 prius,
1605 901 1642 976 ἀ

243 1027 483 1114 impetrantes
509 1023 717 1114 hujusmodi
748 1027 923 1106 beneficia
947 1030 1127 1103 removeri
1150 1031 1187 1103 bt
1209 1024 1369 1100 revocari
1395 1021 1441 1096 ab
1467 1019 1539 1094 illis
1563 1019 1645 1118 pos.

238 1143 314 1222 bnt
341 1171 404 1243 per
428 1171 561 1226 eorum
589 1152 825 1247 Superiores,
851 1155 895 1228 ad
917 1177 1010 1252 qnos
1034 1154 1070 1227 id
1093 1153 1274 1248 pertinet,
1301 1145 1389 1222 srcut
1417 1142 1639 1241 potuissent,

236 1272 266 1350 st
295 1297 359 1370 per
381 1275 594 1372 Superiores
620 1275 713 1374 ipsos
738 1258 918 1354 beneficia
944 1277 1017 1373 ipsa
1043 1278 1179 1352 collata
1199 1269 1369 1350 luissent.
1396 1267 1443 1344 In
1464 1268 1564 1360 cujus
1588 1291 1640 1346 te·

236 1395 457 1476 {limonium
487 1389 677 1496 praesentes
704 1403 840 1476 litteras
867 1399 943 1478 freti
970 1399 1155 1494 fecimus,
1194 1397 1378 1497 nostrique
1403 1396 1511 1496 sigilli
1539 1393 1634 1484 jusfr-

237 1552 323 1604 mus
344 1523 568 1628 appensrone
589 1525 751 1600 muniri.
772 1524 868 1600 Dat.
891 1527 1007 1604 Reate
1029 1531 1068 1603 in
1088 1529 1204 1604 domo
1230 1521 1473 1600 habitationis
1500 1521 1634 1598 nolltm

238 1645 304 1726 snb
322 1675 426 1728 anno
448 1650 612 1728 Domini
640 1671 653 1724 r
660 1671 749 1746 390.
776 1647 983 1726 Indistione
1003 1651 1277 1741 decimatertia,
1294 1649 1353 1724 die
1375 1648 1481 1722 tertia
1500 1649 1635 1726 mensu

109 1833 114 1840 -
238 1781 430 1882 Augusti,
462 1777 703 1857 Pontificatus
723 1779 942 1858 Sanslilstmi
967 1784 1008 1858 t'n
1035 1781 1187 1859 Christo
1215 1780 1363 1871 Patris,
1398 1777 1635 1876 &Domini

236 1909 351 1986 nollri
376 1907 537 1986 Domini
563 1905 744 1985 Bonisacii
767 1908 941 1986 antedisti
978 1907 1104 1983 diuina
1140 1905 1372 2004 providentia
1399 1901 1504 2003 Papo
1535 1908 1636 1984 noni

242 2059 350 2114 anno
375 2035 522 2133 ptimo.
684 2040 689 2052 “

685 2231 884 2349 Bonifatii
919 2233 994 2322 IX.
1029 2219 1192 2338 litera,

268 2420 322 2488 ut
353 2397 478 2487 liceat
515 2397 708 2484 Genernli
743 2400 938 2514 Magistro
972 2400 1138 2484 Fratres
1170 2415 1319 2482 mutan
1351 2396 1597 2510 percufflom's

349 2541 352 2548 ⁴
632 2593 721 2649 rens
753 2590 781 2650 a
813 2566 975 2670 censura
1006 2563 1236 2668 absoluere.

491 2771 492 2776 '
588 2847 590 2850 ,
684 2805 762 2856 ηοι.
781 2793 809 2844 a
827 2785 914 2844 marr.
940 2783 985 2842 tex
1003 2785 1077 2846 ntbt.
1094 2783 1185 2845 nate

355 2904 548 2986 Onisacius
566 2903 767 3008 Episcopus
787 2911 906 2988 servus
928 2907 1116 2985 servotum
1133 2907 1206 2984 Dei
1225 2907 1360 2984 dtteeto
1381 2906 1459 2984 'silio
1475 2909 1631 2992 Andtec

232 2927 430 3252 Bde
466 3035 754 3113 vicecomitibus
784 3035 965 3116 Generali
1004 3037 1184 3134 Magistro
1215 3035 1371 3112 Ordinis
1398 3035 1627 3114 Humiliaro·

381 3187 465 3243 turn
490 3169 548 3256 (r)
574 3162 728 3242 salutern
765 3165 802 3241 bt
833 3161 1070 3261 apostolicam
1096 3161 1424 3238 benedillionem.
1454 3159 1630 3258 Benigno

233 3287 319 3364 sunt
346 3289 502 3366 illa'tibi
524 3291 760 3368 concedenda
791 3287 950 3400 satore,
984 3311 1177 3386 perque,
1213 3285 1300 3362 licut
1335 3290 1394 3384 pie
1425 3283 1628 3365 destderaro

231 3415 396 3508 videris,
427 3411 652 3491 diversatum
687 3394 892 3490 domorum
921 3412 1078 3491 Ordinis
1112 3413 1411 3493 Humiliatornm
1442 3418 1623 3512 utilitati,

150 3629 152 3640 Ι
230 3566 271 3621 ac
295 3539 453 3618 fratrum
479 3545 517 3619 bt
542 3541 711 3614 sotorum
735 3536 902 3626 ejusdem
929 3541 1072 3615 ordinis
1097 3539 1374 3637 professorum,
1406 3563 1450 3615 ac
1473 3559 1629 3617 tuorum

232 3691 299 3743 nec
325 3693 404 3743 non
429 3664 646 3742 earumdem
671 3667 877 3740 domorum
904 3661 1134 3742 subditorum
1160 3667 1373 3742 animarum
1401 3665 1506 3741 saluti
1534 3667 1629 3744 salu.

229 3787 343 3866 briter
363 3791 604 3868 consulatur.
628 3789 729 3865 Sane
756 3787 847 3867 licut
870 3789 1036 3866 exhibita
1065 3791 1171 3888 nobis
1199 3817 1313 3888 nuper
1337 3819 1406 3893 pro
1433 3815 1533 3891 parte
1563 3815 1627 3875 tur

228 3916 355 4011 petitio
379 3917 621 4009 continebat,
650 3921 686 3991 in
710 3917 837 3992 iisdem
855 3913 1059 4009 domibus,
1082 3920 1122 3994 bt
1141 3941 1269 3995 earum
1287 3917 1504 3998 ‹listrislibtts
1528 3947 1627 4000 non·

227 4039 322 4118 nulli
348 4058 398 4114 ex
423 4037 555 4114 eisdem
581 4038 752 4116 statribus
780 4045 816 4118 bt
842 4037 1027 4117 sororibus
1054 4065 1094 4114 ac
1122 4037 1294 4136 subditis,
1322 4041 1434 4120 stater
1456 4049 1627 4127 uidelicet

228 4165 288 4242 seu
315 4164 418 4243 soror
445 4167 495 4241 in·
512 4163 764 4261 superiorem,
803 4162 963 4262 superior
997 4168 1036 4239 in
1071 4161 1225 4241 stateem
1260 4169 1317 4242 vel
1352 4170 1393 4242 in
1431 4167 1627 4282 sororem,¹

227 4289 405 4370 staterio
431 4285 613 4386 fratrem,
648 4289 818 4367 sororio
848 4281 1046 4384 sororem,
1083 4289 1244 4368 subditus
1277 4317 1365 4371 vero
1395 4279 1627 4403 ,quandoque

879 4409 917 4488 Ε
968 4433 992 4486 2
1460 4473 1467 4481 -
1534 4425 1573 4498 in

231 4575 274 4676 ’(ι)
291 4603 337 4662 Da
357 4599 487 4662 Generali
505 4596 559 4662 hue
579 4591 801 4654 Humiliatotttrn
820 4589 958 4665 Magistro
975 4589 1096 4652 diximus
1114 4589 1181 4654 vot
1197 4591 1223 4651 t.
1239 4608 1302 4666 pag.
1318 4611 1379 4662 rae.

332 5019 534 5209 s·-
652 5261 656 5266 ,
