4076 5496
449 607 1369 700 hruuortrrn'u'rnnstutvstttt‘r.
1514 639 1564 714 17

208 723 486 810 ronfinttorum
515 736 642 816 solutis
668 743 788 842 primo
814 745 917 822 dislis
937 746 1036 824 libris
1056 766 1208 824 centum
1229 739 1488 846 spendibilium'
1516 765 1611 839 quo·

204 851 299 930 libet
327 881 432 935 tnno
459 862 497 936 in
526 886 742 962 perpetuum
762 871 960 966 devenire,
986 875 1023 952 bt
1050 893 1243 958 remanere
1265 867 1413 960 voluit,
1437 869 1474 946 bt
1496 885 1608 944 men·-

201 976 305 1056 dtvit
327 983 424 1060 idem
450 985 597 1064 teslvtnr
618 992 663 1066 td
683 994 825 1080 disium·
842 995 1086 1074 Conventum
1109 997 1281 1078 Fratrum
1304 995 1491 1072 Omnium
1513 995 1608 1073 Svn·

201 1101 352 1182 storum
373 1110 417 1185 de
444 1107 632 1190 Florentia
660 1119 771 1212 pleno
800 1122 912 1214 iure,
948 1119 1138 1219 ipsumque
1167 1117 1349 1196 tesrduum
1372 1119 1471 1198 disio
1499 1119 1603 1200 Con·

201 1236 330 1308 tentus
353 1236 466 1312 modo
481 1291 500 1330 „
519 1245 760 1332 conditione,
786 1252 822 1326 bt
847 1248 1050 1328 honeribus
1076 1247 1283 1346 supradisiis
1307 1248 1384 1324 iure
1410 1248 1518 1344 legati
1547 1273 1604 1324 re·

196 1357 326 1457 liquit.
354 1358 403 1438 Et
432 1362 458 1440 sr
485 1357 838 1448 didmconventus
860 1373 1135 1473 suprascriptum
1160 1375 1328 1468 inpetunt
1351 1367 1412 1448 seu
1432 1373 1601 1452 relidum

197 1503 280 1570 nott
308 1493 569 1587 acceptaverit,
594 1495 768 1572 &disits
794 1499 903 1576 libras
929 1521 1079 1578 centum
1110 1497 1399 1596 spendibiliunt,
1425 1515 1466 1576 ut
1493 1497 1599 1600 supts'

193 1607 352 1706 dicitur,
369 1641 459 1699 non
486 1616 687 1712 solverint,
714 1625 859 1714 voluit,
887 1628 924 1704 ht
951 1623 1049 1702 iusstr
1074 1625 1190 1702 dislus
1217 1621 1369 1702 tesirtor
1398 1615 1492 1718 ipsos
1517 1621 1598 1700 sru·

195 1733 297 1830 dus,
324 1740 509 1834 redditus,
534 1745 573 1820 dt
600 1767 799 1842 proventus
828 1748 1148 1845 suprascriptorum
1177 1749 1391 1840 bonorum,
1419 1773 1461 1824 te
1487 1749 1597 1849 lpsruv
1707 1817 1715 1834 t

196 1856 431 1960 fitprsscripra
456 1864 591 1961 bont,
624 1893 701 1970 quo
728 1873 773 1946 ed
798 1870 903 1948 usum
934 1870 1126 1964 frustum,
1157 1874 1196 1950 bt
1223 1872 1484 1968 proprietatem
1504 1897 1595 1974 cum

195 1985 422 2080 honeribus,
449 1991 486 2066 bt
512 1990 786 2068 conditionibus
811 1992 1015 2091 sttprvdisiis
1040 1997 1214 2073 devenire
1236 1991 1366 2070 debere
1385 1994 1430 2070 sd
1454 1994 1594 2072 Pinno-

192 2113 324 2188 eberos
351 2112 448 2187 tertii
471 2111 624 2190 Ordinis
650 2115 752 2194 Beati
779 2119 898 2197 Stnsti
930 2119 1134 2198 Francisthi
1163 2145 1223 2219 pet
1250 2115 1469 2218 hospitalem
1498 2123 1594 2200 Sen-

192 2237 239 2314 ut
265 2237 369 2314 Pauli
391 2295 403 2332 ,
426 2243 466 2318 bt
487 2241 609 2319 Sensli
638 2237 775 2320 Brrtoli
802 2247 848 2322 dr
874 2243 1100 2343 Mugnone,
1124 2243 1267 2347 ipsaque
1293 2245 1417 2340 bona,
1444 2275 1520 2346 quo
1547 2252 1593 2328 vd

188 2363 299 2442 usum
326 2361 510 2461 frustum,
535 2371 572 2445 dt
595 2369 848 2465 proprietatem
873 2371 975 2446 dislis
1000 2369 1240 2450 Piorocheris
1261 2395 1327 2472 pro
1346 2371 1446 2448 dietis
1469 2371 1593 2470 hospi.

189 2493 349 2589 talibus,
373 2495 475 2572 diliis
493 2493 630 2572 essibus
650 2494 925 2585 evenientibus,
948 2519 1032 2572 eum
1059 2495 1280 2587 honeribus,
1304 2500 1340 2572 dt
1365 2493 1594 2572 conditioni·

186 2617 256 2696 btts
283 2615 524 2717 suprascriptis
551 2619 729 2716 reliqtlr.
768 2616 967 2696 Prohibuit
994 2639 1118 2696 eutem
1150 2618 1264 2694 didius
1286 2616 1435 2694 teslntor
1462 2615 1584 2714 supun-

186 2745 317 2845 seripm
345 2745 445 2820 bont
470 2741 573 2841 suprn
603 2745 769 2840 proxime
802 2742 992 2822 consinsit
1030 2769 1095 2842 pru
1129 2743 1230 2820 didiis
1263 2742 1402 2820 duabus
1424 2744 1590 2842 pertibus
1668 2799 1673 2811 ,

187 2873 282 2950 diue
308 2871 521 2949 hereditatis
545 2869 628 2945 elini
651 2872 841 2969 quondum
864 2871 928 2946 Ser
949 2869 1078 2948 Menti
1105 2873 1238 2962 vendi,
1269 2871 1482 2968 pignorari,
1507 2893 1589 2965 per·

187 2997 358 3090 mutari,
395 2999 451 3074 vel
474 2994 757 3098 quomodolibet
786 2995 980 3090 obligari,
1010 2997 1066 3069 vel
1092 2995 1279 3086 vllenrti,
1316 2997 1372 3069 vel
1400 2994 1441 3068 in
1469 2995 1587 3072 elium

186 3120 419 3198 eontrarium
446 3120 575 3198 deduci
604 3143 669 3221 per
692 3120 869 3218 predisios
896 3115 1151 3216 Johtnntm,
1191 3117 1246 3192 tel
1273 3115 1584 3216 Bertolomeum,

185 3237 245 3316 seu
274 3243 551 3338 Contentum,
588 3243 648 3324 seu
684 3265 745 3342 per
777 3241 1204 3336 transsumimus,
1238 3264 1301 3319 tut
1329 3241 1584 3342 hospivrnlerios

184 3367 368 3446 dieamus
398 3367 659 3466 hospitalium,
687 3369 743 3444 vel
769 3369 928 3444 siverunt
954 3389 1113 3459 eorum,
1139 3362 1199 3440 sed
1226 3363 1364 3464 semper
1389 3393 1586 3444 remanere

184 3495 327 3588 voluit,
357 3499 392 3574 bt
420 3496 609 3572 mrndrvit
636 3489 741 3570 firme
765 3495 812 3570 ed
839 3493 939 3587 hoe,
965 3513 1005 3570 ut
1026 3491 1167 3592 semper
1185 3491 1327 3590 integre
1344 3515 1434 3571 cunt
1454 3490 1589 3572 effeilu·

181 3620 374 3716 adimpleri
403 3619 509 3719 poffit
536 3614 725 3716 dispositio
752 3615 1011 3716 suprascripte.

282 3725 378 3822 item
419 3747 573 3847 reliquid
606 3741 833 3842 infrascripto
869 3743 966 3822 bont
1004 3745 1052 3822 ed
1084 3742 1330 3844 supradidiom
1366 3746 1579 3828 testatorem

181 3874 439 3970 pertinentia,
470 3878 508 3952 ht
542 3871 770 3967 expedientis
804 3893 872 3967 pro
906 3873 987 3950 iure
1024 3873 1173 3950 dotium
1208 3872 1381 3954 Domine
1414 3872 1580 3957 Gemme

179 4004 370 4100 quondam
397 3999 527 4076 Matris
551 3999 635 4076 disli
666 3995 869 4090 resistetis,
892 4001 931 4078 bt
959 4001 1085 4079 uxoris
1112 4002 1205 4074 oiim
1227 3999 1310 4076 diiii
1335 4001 1402 4078 Ser
1423 3999 1577 4098 Manui,

180 4129 310 4225 &pro
347 4124 408 4202 sut
446 4126 671 4224 legiptime,
705 4147 776 4221 que
809 4121 929 4202 eidem
964 4125 1124 4202 telletoti
1157 4126 1334 4220 competit
1369 4149 1435 4220 pro
1470 4130 1575 4207 tertis

179 4273 281 4352 perte
294 4255 469 4330 omnium
483 4252 697 4342 bonorum,
718 4253 755 4326 bt
769 4245 1015 4324 hereditatum
1028 4251 1114 4326 diei
1128 4249 1313 4349 quondam
1337 4247 1402 4324 Ser
1420 4247 1576 4343 Menti,

179 4381 369 4478 quondam
406 4375 522 4454 Patris
556 4371 664 4470 ipfius
698 4368 910 4464 tellttoris,
944 4371 1043 4446 disin
1083 4366 1252 4468 Johenni
1291 4391 1375 4450 toto
1409 4395 1576 4473 tempore

180 4504 254 4580 tite
275 4501 385 4600 ipsius
406 4499 592 4600 Iohannis
611 4519 696 4574 cum
718 4493 944 4592 honeribus,
965 4498 1298 4578 &conditionibus
1316 4497 1576 4602 infrascriptis,

33 4625 37 4631 ’
180 4639 217 4714 bt
243 4628 330 4733 pnll'
347 4633 456 4729 ipsius
480 4629 667 4730 iohannis
693 4635 853 4708 morlens
873 4653 961 4708 cunt,
979 4629 1270 4728 honeribus&
1294 4633 1588 4712 conditionibus·

227 4767 329 4838 ?mv.
354 4765 424 4836 111.
881 4754 918 4836 C
1396 4735 1524 4836 'infre-
