3984 5502
466 619 513 696 30
700 606 1139 692 Hurrrtrnronusr
1176 615 1534 697 Monnnerrun
1635 625 1640 630 '

418 752 481 822 per
510 731 726 826 mundetur,
760 738 796 811 dt
824 755 864 811 ut
892 741 1093 832 plurimum
1121 741 1198 817 stne
1226 745 1375 820 suorum
1404 747 1646 843 superiorum
1675 743 1831 818 licentio

418 853 543 953 sae-pius
568 859 761 956 evagando
786 861 1017 959 discurrunt,
1042 871 1318 968 &quandoque
1348 873 1390 946 ed
1417 873 1635 949 Romanam
1662 869 1821 946 Curiam

418 986 628 1076 accedunt,
661 983 852 1062 asserentes
880 987 956 1064 fine
984 991 1195 1084 hujusmodi
1220 997 1461 1094 Superiorum
1491 994 1640 1072 suorum
1668 996 1827 1072 licentia

418 1106 453 1186 se
481 1109 554 1186 hoc
579 1108 696 1187 facere
724 1111 842 1210 polle.
869 1115 953 1192 Nos
981 1119 1091 1213 igitur
1119 1122 1159 1196 in
1186 1119 1394 1217 promissis,
1422 1142 1528 1220 prout
1552 1147 1600 1198 ex
1620 1121 1747 1198 debito
1774 1142 1830 1209 re·¹

420 1269 556 1320 nentur
578 1244 764 1340 pastoralis
787 1247 926 1345 officii,
953 1233 1146 1331 salubriter
1168 1257 1357 1352 providere
1374 1257 1591 1352 cupientes,
1613 1256 1833 1333 onerositate

420 1369 631 1468 Apostolica
658 1392 790 1448 tenore
818 1369 1051 1468 presentium
1081 1376 1306 1472 statuimus,
1334 1381 1530 1474 volumus,
1557 1385 1593 1458 dt
1620 1383 1732 1456 etiam
1758 1405 1829 1455 ora

420 1504 618 1594 dinamus,
644 1497 743 1600 quod
767 1524 902 1578 omnes
929 1505 965 1580 dt
994 1502 1128 1600 singuli
1159 1502 1337 1601 Religiosr
1366 1529 1685 1604 quorumcumque
1711 1502 1835 1579 ordi..

424 1653 554 1721 nurn,
588 1631 703 1704 etiarn
729 1627 1064 1721 Mendlcenrium,
1099 1631 1199 1707 dinae
1225 1629 1328 1706 Sedis
1352 1631 1579 1729 Capelleni,
1614 1631 1676 1729 qni
1715 1626 1831 1721 sunt,

422 1759 460 1831 dt
486 1755 546 1852 qui
574 1755 611 1828 in
640 1771 752 1829 antee
777 1771 911 1846 esunt,
939 1754 1088 1851 perinde
1113 1777 1246 1829 eoturn
1272 1750 1527 1850 Superioribus
1547 1759 1584 1833 ὰ
1604 1755 1836 1831 contutant.

425 1871 586 1980 ipsorum
615 1879 655 1954 in
681 1877 857 1955 omnibus
890 1883 926 1958 dt
962 1905 1023 1977 per
1065 1881 1194 1953 omnia
1223 1877 1295 1954 srnt
1323 1877 1499 1972 subiens,
1535 1903 1576 1956 ec
1603 1863 1833 1978 l'r'psaedlllae

426 2008 530 2086 Sedis
553 2003 746 2104 Capellenl
771 2029 850 2082 non
873 2002 1010 2082 ellent.
1039 2005 1134 2081 Non
1161 2003 1389 2082 obstantibus
1411 2004 1730 2102 exemptionibus,
1759 2015 1834 2102 pri-r

430 2133 598 2228 vilegiis,
624 2129 892 2227 indulgentiis,
911 2130 949 2205 dt
962 2131 1118 2224 gratiis,
1140 2131 1330 2206 &litteris
1352 2129 1597 2227 Apollolicls,
1620 2129 1834 2227 capellanis

438 2260 541 2338 dtuae
567 2255 698 2348 Sedis,
724 2255 782 2330 trel
807 2253 916 2346 eliis,
941 2255 1195 2330 communiter
1220 2259 1276 2329 vel
1303 2253 1479 2349 divilim,
1514 2253 1577 2331 sub
1603 2276 1837 2354 quecumque

430 2383 551 2466 forma
577 2383 632 2457 nel
656 2376 880 2479 expressione
907 2379 1103 2456 verborum
1125 2403 1146 2453 e
1166 2376 1260 2453 diste
1282 2377 1374 2454 Sede
1395 2375 1589 2472 conceffis,
1618 2381 1739 2455 vello
1765 2400 1834 2476 po·

434 2507 571 2585 ilerum
598 2502 871 2598 concedendis,
904 2501 1046 2580 etiarnsi
1082 2505 1127 2578 de
1155 2502 1232 2576 illis
1266 2502 1371 2598 plene
1403 2503 1633 2600 &expresse
1658 2505 1833 2594 rnenrlo,

433 2657 473 2710 nc
502 2633 547 2711 de
574 2630 686 2707 verbo
714 2629 757 2704 ed
786 2629 938 2704 verbum
965 2626 1002 2702 in
1034 2623 1267 2724 presentibus
1295 2622 1563 2721 fit'hebende,
1597 2653 1677 2729 quo
1705 2627 1832 2729 quoed

438 2761 511 2836 lroc
540 2749 644 2833 elicui
673 2759 709 2830 in
737 2757 841 2831 nullo
871 2755 1048 2828 nolumus
1076 2745 1260 2846 suffragari
1283 2803 1292 2824 .
1318 2749 1424 2826 Nulli
1450 2775 1543 2849 ergo
1569 2755 1730 2830 omnino
1759 2755 1832 2832 ho·

436 2887 587 2960 minum
614 2885 719 2957 licent
747 2881 843 2956 hane
870 2880 1044 2977 peginam
1074 2876 1204 2952 nollrae
1229 2877 1533 2976 constitutionis,
1559 2881 1834 2977 ordinationis,

436 3018 473 3090 dt
502 3009 703 3084 voluntaris
730 3004 957 3102 infringere,
986 3003 1100 3078 nelei
1130 3001 1216 3078 ausu
1239 3005 1434 3078 temerario
1454 3005 1665 3102 contraire.
1691 3007 1728 3083 Si
1751 3010 1835 3105 quie

440 3155 565 3214 eutem
603 3133 676 3207 hoc
710 3149 892 3205 attentare
926 3127 1186 3226 ptaesumplerit
1223 3119 1522 3224 indignationem
1548 3127 1835 3232 omnipotentis

442 3261 552 3354 Dei,
586 3263 621 3336 dt
651 3255 851 3334 Beatorttm
888 3253 983 3332 Petri
1018 3257 1054 3330 dt
1087 3251 1188 3327 Pnnli
1218 3251 1483 3348 Apostolorum
1517 3251 1591 3341 eius
1629 3252 1664 3330 se
1692 3263 1840 3339 noverit

443 3388 670 3469 incursurum
695 3394 719 3457 .“
741 3379 832 3458 Dar.
860 3379 1052 3456 Atinione
1081 3377 1128 3454 V.
1155 3375 1210 3453 ld.
1235 3374 1421 3454 Norenrb.
1457 3374 1696 3457 Pontificatus
1723 3383 1839 3462 nollri

447 3545 552 3601 enno
580 3514 712 3595 tertio.
