4100 5500
413 597 467 648 tu
504 577 909 666 Geuennttntrs
946 579 1215 660 comens
1251 599 1452 656 enirn.
1518 595 1585 648 121

218 689 271 764 ad
301 691 475 775 Domum
503 705 630 782 deduci
662 732 739 782 non
770 708 915 805 possunt
945 709 1159 800 salubriter,
1190 734 1259 785 nec
1286 707 1435 780 venire:
1473 697 1638 776 Contra.

216 813 400 898 facientes
424 817 656 923 puniantur,
683 853 722 905 ut
751 829 788 905 in
819 833 976 910 Robrica
1004 836 1069 911 De
1097 837 1210 932 poenis
1246 835 1359 928 culpae
1388 827 1526 928 gravis.
1564 826 1637 902 Sed

218 973 345 1048 neque
369 954 405 1026 in
420 953 790 1052 CapituloGenerali
813 985 939 1038 carnes
962 964 1205 1036 comedantur
1231 984 1250 1034 a
1272 953 1636 1058 quoquam,etiamsr

223 1071 278 1150 ibi
307 1080 412 1176 eoepit
441 1079 645 1156 infirmari.
686 1082 830 1159 Vinum
860 1111 1006 1186 quoque
1044 1089 1150 1161 nullo
1187 1085 1302 1158 modo
1337 1081 1465 1156 bibant
1492 1075 1636 1152 Fratres

226 1203 271 1288 id
307 1204 470 1284 Civitat'e
497 1212 564 1284 'vel
601 1208 754 1308 Burgis,
789 1233 851 1288 aut
889 1212 980 1288 locis
1016 1212 1167 1310 propriis
1202 1231 1305 1286 extra
1338 1205 1513 1284 Domum
1552 1228 1635 1302 pro-

226 1334 374 1430 priam,
402 1333 468 1410 nisa
497 1337 535 1410 in
571 1335 763 1416 Domibua
798 1337 1125 1416 Ecclesiaslimrum
1165 1333 1437 1425 Personarum,
1471 1331 1633 1410 &tertii

223 1455 401 1534 Ordinis.
436 1459 498 1534 Ad
524 1459 721 1538 bibendum
750 1483 873 1542 autem
903 1490 1016 1540 nemo
1044 1461 1297 1542 Resedorium
1327 1458 1423 1534 solus
1448 1459 1631 1555 ingredia·

226 1603 310 1659 eur.
350 1583 486 1662 Nullus
511 1589 623 1662 etiarn
650 1593 817 1672 &nulla
846 1590 922 1666 fine
951 1593 1099 1666 licentia
1125 1592 1241 1666 intret
1261 1589 1485 1688 coquinam.
1513 1585 1632 1662 Tem·

223 1730 316 1810 pore
345 1709 520 1810 fiquidetn
548 1709 684 1807 Jejunii
715 1711 792 1808 post
826 1713 991 1808 primum
1029 1711 1176 1808 sgnum
1212 1709 1459 1808 completorii
1489 1707 1630 1806 semper

222 1833 391 1931 pulsetur
423 1837 618 1932 Campana
653 1832 876 1926 Refeuorm
911 1843 948 1918 dr
980 1840 1041 1939 qui
1081 1838 1266 1920 voluerint
1305 1833 1453 1930 bibere,
1491 1835 1632 1923 intrent

220 1957 499 2052 Resedorium,
526 1961 611 2035 inde
641 1983 719 2034 non
757 1959 954 2062 egressuri,
988 1966 1108 2039 donec
1142 1964 1188 2038 ab
1214 1985 1260 2038 eo
1296 1963 1357 2058 qui
1387 1980 1489 2036 tenet
1518 1959 1627 2038 Con·

219 2107 404 2181 ventum,
425 2087 565 2162 didlutn
590 2081 725 2162 suerit:
751 2089 805 2162 sia
833 2095 958 2162 Nomen
986 2089 1127 2164 Domini
1151 2085 1374 2180 benedidlum,
1412 2091 1453 2163 dt
1479 2087 1629 2184 respon·

220 2211 307 2290 sum
334 2239 354 2288 a
380 2212 612 2290 Conventu:
648 2219 703 2286 Ex
729 2216 893 2290 bocauna
919 2210 959 2294 b
983 2212 1081 2311 astrue
1112 2214 1152 2286 in
1173 2211 1360 2306 faculam.
1399 2209 1475 2310 Qui
1503 2236 1630 2294 autem

222 2361 319 2420 tunc
347 2365 425 2416 non
454 2333 667 2428 venerimsr
690 2333 860 2414 fueritin
883 2339 1043 2431 Domo,
1066 2341 1132 2414 illo
1161 2338 1238 2412 sero
1260 2363 1338 2412 nou
1361 2338 1460 2414 bibat
1486 2339 1619 2440 absque

219 2465 413 2563 Praepositi
442 2463 612 2538 licentia.
638 2459 783 2534 fratres
812 2488 898 2538 vero
915 2463 1067 2543 secundi
1091 2464 1243 2542 Ordinis
1260 2459 1400 2540 saciant
1419 2461 1624 2571 Carnispri·

213 2595 353 2686 vium,
381 2587 469 2666 licut
496 2589 635 2686 primus
660 2583 790 2664 Ordo.

528 2795 579 2867 De
605 2793 793 2894 Minulione
819 2789 860 2874 δῖ
884 2791 1044 2893 Rasum.
1081 2803 1162 2898 Cap.
1190 2801 1325 2874 XVIII.

219 2967 471 3146 Minutio
500 2965 561 3044 fiat
591 2990 717 3072 quater
744 2971 786 3046 in
815 2970 963 3068 Anno,
984 2975 1139 3075 quando
1164 2972 1365 3071 Praeposito
1386 2975 1443 3048 vel
1467 2969 1624 3052 Praelato

369 3099 552 3178 videbitur
577 3101 801 3192 convenire,
826 3104 865 3178 dt
896 3129 974 3178 non
1003 3107 1106 3200 plus,
1134 3103 1202 3178 nist
1232 3104 1276 3180 de
1304 3103 1451 3179 licentia
1479 3101 1624 3196 P-raepn·

218 3217 282 3296 fiti
311 3225 366 3298 vel
402 3221 571 3300 Pietati„
598 3220 712 3300 Lotio
740 3249 826 3300 vero
851 3229 977 3324 capitis
1005 3233 1042 3307 dt
1077 3225 1218 3306 Rasuta
1243 3225 1337 3305 liant
1363 3227 1622 3329 dequindena

218 3345 262 3422 ira
290 3349 520 3451 quindenam
549 3371 611 3448 per
640 3368 761 3432 totum
787 3376 931 3430 annum
960 3361 1038 3452 (9).

218 4664 263 4742 (9)
283 4671 321 4732 V.
339 4611 406 4742 turn¹
419 4669 449 4726 in
469 4666 540 4724 hane
557 4679 615 4724 tem
634 4659 827 4722 adnotavimus
847 4659 914 4722 vot.
935 4660 972 4720 tl.
991 4675 1052 4760 pag.
1074 4674 1136 4728 ιο).
