4100 5500
244 737 252 750 ,
427 647 1219 739 rn'GeneaattnusCoarrrrrs
1257 640 1451 773 norr'at·
1506 649 1589 736 '¹29

232 770 476 872 depo'fitionis
512 769 713 882 Magistri,
748 791 802 862 ves
839 788 914 878 ejus
946 787 1128 864 excessum
1157 791 1213 862 vel
1241 779 1540 866 comessionem,
1579 769 1637 845 vel
1699 865 1700 870 Ἰ

224 897 412 977 ‘secretum
441 905 636 1004 Capituli,
670 913 726 986 vei
764 907 1024 990 dissenfion'ein
1053 909 1321 1019 Definitorum.
1350 908 1406 983 vei
1433 903 1637 993 Fratrum,

232 1027 337 1097 tande
362 1025 469 1136 Ordo
497 1035 632 1108 turbari
662 1033 762 1133 possit
792 1041 846 1112 res
877 1037 1074 1134 infamari,
1102 1039 1231 1114 audeat
1260 1031 1412 1110 scienter
1438 1029 1635 1106 Extranria

235 1150 443 1244 publicaret
466 1153 524 1230 sed
549 1183 665 1259 neque
686 1183 790 1237 extra
813 1161 998 1242 Ordinem
1023 1163 1060 1240 io
1088 1150 1336 1260 praejudicium
1360 1159 1414 1232 res
1441 1153 1637 1232 infamiam

235 1278 386 1379 aiicujus
408 1278 583 1356 Personat·
595 1281 747 1358 Ordinis
773 1285 910 1382 nostri,
931 1287 1129 1364 consrsium
1152 1265 1358 1384 uerquirere
1381 1279 1484 1376 super
1507 1279 1636 1378 aliqui)

236 1403 348 1496 casu,
376 1402 516 1522 absque,
531 1407 696 1486 Domini
726 1407 892 1510 Magistri
920 1419 1091 1512 licentia,
1122 1421 1177 1492 ves
1204 1414 1279 1504 ejus
1303 1409 1561 1486 vicariorum.
1589 1407 1627 1482 Si

231 1535 315 1632 quit
342 1555 463 1611 autem
492 1559 537 1611 ex
562 1537 828 1616 deliberatione
856 1539 978 1618 fecerit
1006 1565 1167 1635 contra,
1197 1565 1377 1642 tanquam
1405 1537 1633 1648 Excommu·

219 1653 383 1745 micatus,
404 1667 441 1741 bt
467 1661 756 1758 Schismatirtts,
792 1671 827 1744 dt
856 1664 1068 1747 Denruaor
1100 1667 1209 1744 nostri
1237 1667 1391 1743 Ordinis
1420 1661 1628 1762 habeatur,

231 1791 273 1865 bt
297 1787 416 1863 donec
442 1785 675 1882 satisfecerit,
699 1815 717 1863 a
739 1793 1009 1868 communione
1032 1791 1205 1870 omniurn
1228 1790 1270 1867 srt
1296 1791 1441 1888 penitae
1462 1789 1632 1868 asienus·

232 1915 273 1990 dt
301 1915 474 2012 puniatur
502 1915 605 1989 utin
636 1913 792 1992 Robrica
818 1917 863 1993 de
891 1919 1006 2022 noenis
1033 1919 1148 2016 cuspae
1173 1909 1411 2013 gratissimae.

616 2123 669 2193 De
696 2121 829 2200 Lr'tr'brrr
852 2119 893 2205 δ
918 2123 1062 2220 Carrfflr.
1086 2129 1171 2226 Cap,
1196 2127 1256 2202 Vt.

319 2289 394 2368 iter
420 2297 456 2372 bt
484 2293 618 2372 caussas
644 2303 680 2378 dt
706 2299 1003 2393 controversias,
1037 2325 1124 2402 quas
1157 2301 1254 2378 inter
1292 2293 1327 2371 se
1358 2291 1498 2370 Fratres
1526 2291 1634 2392 primi

342 2421 379 2496 bt
409 2417 552 2495 secundi
579 2421 796 2506 Ordinis&
823 2427 919 2499 tertii
948 2427 1150 2504 habuerint
1176 2454 1238 2526 per
1264 2421 1481 2501 Dominum
1512 2417 1635 2518 Magi·

218 2539 346 2616 'strum
377 2563 439 2618 aut
466 2535 541 2633 eius
571 2545 758 2640 Vicarios,
787 2569 847 2622 aut
872 2575 931 2644 per
953 2539 1106 2626 idoneas
1131 2547 1309 2625 Personae
1331 2572 1351 2622 a
1373 2525 1538 2622 Partibus
1562 2549 1634 2622 ese-

229 2665 331 2760 rstaa,
358 2669 415 2742 vei
447 2691 508 2764 per
532 2667 752 2766 Capitulum
776 2671 987 2766 Generase,
1013 2673 1203 2748 ssatnimus
1227 2671 1513 2780 aepraecipirnus
1540 2669 1633 2749 fina-

226 2791 316 2866 liter
343 2795 561 2888 terminari,
587 2797 819 2874 decernentes
841 2823 997 2891 omnes,
1016 2803 1080 2898 qui
1103 2797 1148 2873 de
1167 2773 1299 2874 rateto
1319 2819 1423 2874 extra
1445 2799 1627 2878 Ordinem

228 2918 529 3014 appeisaverr'nt‚
563 2923 597 2997 ri
630 2917 929 2998 Constitutionin
953 2921 1066 3013 buius
1100 2949 1146 2998 eo
1183 2905 1398 3017 ipso'omni
1427 2921 1622 3018 Dignitate

227 3043 268 3118 dt
296 3041 443 3119 bonore
469 3042 549 3120 sore
576 3046 758 3144 privator,
783 3049 991 3124 &usserius
1019 3043 1254 3145 nonpossint
1280 3045 1323 3118 ad
1349 3042 1626 3143 Praepositttram

226 3171 289 3244 ves
316 3167 588 3266 Praeiaturam,
624 3173 680 3276 ves
708 3171 751 3246 ad
779 3173 1036 3274 quodcumque
1065 3171 1167 3266 aliud
1191 3165 1365 3248 Officium
1393 3173 1621 3272 aliquatenus

213 3293 271 3368 ῑίυ
295 3291 476 3390 posserum
497 3297 664 3396 eiigivel
687 3294 836 3372 assumi.
864 3298 1101 3375 Adomnem
1129 3323 1274 3397 quoque
1296 3298 1403 3398 sitrgii
1427 3299 1626 3378 materiam

226 3423 528 3515 removendam,
556 3419 721 3519 prasenti
749 3423 895 3500 Statnto
922 3419 1111 3500 distri'siius
1139 3425 1387 3520 inbrbemtas,
1414 3449 1463 3502 ne
1490 3429 1624 3528 aliquis

224 3548 268 3621 so
290 3541 425 3620 Domo
447 3547 567 3645 aliqua
589 3543 837 3624 visitationem
863 3549 919 3622 vei
941 3547 1204 3620 comessionem
1230 3548 1362 3623 habere
1380 3549 1513 3630 debere
1534 3577 1624 3629 con·

227 3671 391 3764 tendat,
426 3695 495 3747 nec
529 3671 572 3744 ad
606 3669 677 3743 hoc
702 3669 736 3745 se
764 3671 991 3768 atiquatenus
1016 3670 1278 3766 intromittat,
1317 3671 1386 3748 nist
1423 3672 1624 3752 serrandum

226 3795 326 3894 quod
354 3797 558 3886 iujunsium
584 3793 694 3873 suerit
722 3823 741 3875 a
770 3795 946 3874 Domino
974 3793 1181 3892 Magistro,
1207 3798 1263 3870 ael
1283 3777 1315 3873 ‘a
1337 3797 1515 3898 Capituso
1541 3803 1620 3882 Ge·

222 3925 377 4018 nertii,
404 3931 441 4002 dt
470 3933 642 4024 praecioue
671 3919 852 4023 Praepofiti
882 3919 1102 3998 Danaorum
1131 3923 1248 4000 Sandis
1278 3903 1435 4020 Joaunit
1460 3929 1504 4004 de
1530 3931 1624 4009 ‘nte-

220 4051 380 4130 'xaodria
408 4058 443 4129 dt
471 4053 591 4130 Sandis
619 4049 878 4147 Chrisiophori
914 4049 959 4126 de
986 4048 1194 4144 vetuisse,
1232 4053 1289 4126 rei
1323 4052 1440 4150 quiris
1467 4055 1527 4128 aiii
1556 4050 1621 4158 qr'ti

220 4179 368 4278 *aliquas
387 4175 537 4254 Domoa
556 4175 828 4254 consueverunt
852 4194 1030 4274 tanquam
1059 4171 1344 4270 fisias3risrtate,
1363 4197 1425 4248 eas
1440 4179 1618 4278 *deinceps

225 4329 307 4384 non
336 4294 556 4403 praesumant
584 4301 627 4378 de
655 4295 813 4404 ipsarum
843 4297 1079 4391 visitatione,
1103 4285 1354 4392 cor'reffone,
1380 4301 1417 4376 bt
1445 4299 1619 4401 Praeuosi.

224 4451 351 4514 torum
376 4425 532 4528 ipsarum
554 4415 1053 4526 approbatiooecontendere
1072 4431 1127 4502 res
1151 4421 1184 4501 se
1203 4427 1619 4532 intromitterequoauo
1707 4484 1734 4506 a

225 4557 368 4647 modo,
393 4553 481 4629 srcut
503 4555 543 4630 in
567 4552 765 4649 Priuisegio
787 4549 950 4628 Domini
975 4549 1080 4646 Papae
1102 4547 1290 4626 Benedisii
1314 4543 1417 4648 super
1438 4556 1508 4632 stoc
1527 4581 1619 4636 con-

224 4679 320 4762 cesso
357 4677 536 4758 Generasi
572 4673 753 4773 Magistro
779 4671 930 4752 Ordinis
962 4671 1208 4758 continetur.
1246 4675 1490 4756 Contrarium
1531 4707 1620 4760 tero

280 4813 379 4886 Tam.
406 4811 473 4882 ΙΙΙ.
930 4799 970 4885 R
1202 4861 1211 4912 3
1522 4803 1578 4884 sa·
