4100 5500
530 596 602 684 ¹3⁶
687 591 1684 690 Honrtraroton'contrararroues·

475 715 580 792 debet
608 715 831 819 satisfacere,
868 728 959 802 hora
993 761 1063 831 qua
1100 736 1242 834 Fratres
1277 763 1341 835 pro
1378 717 1594 837 suis'culpis
1622 717 1913 830 &lercesitbttt2

478 850 755 942 proclamantur
783 856 820 928 in
849 853 1051 953 Capitulo,
1086 863 1215 959 sponte
1251 862 1395 959 surgat,
1434 871 1470 944 dc
1508 865 1703 962 prostratus
1731 869 1874 940 vertiam

485 993 611 1068 petat,
637 973 846 1077 scelerisque
874 983 924 1056 sui
954 986 1189 1062 acerbitatem
1220 977 1378 1085 proferat
1403 1013 1488 1066 cum
1514 992 1657 1088 gemitu
1685 1002 1796 1088 'atque
1826 993 1876 1066 lu·

481 1099 564 1186 slt13
591 1103 627 1176 dt
654 1103 859 1181 denudatus
888 1111 1008 1204 primo
1036 1117 1179 1210 vapulet
1205 1135 1385 1212 quantum
1413 1113 1612 1214 Praeposrto
1635 1121 1695 1191 vel
1727 1115 1875 1211 l’raeltttu

483 1225 681 1323 placuerit,
710 1255 785 1304 non
813 1231 931 1309 solum
955 1261 973 1312 a
997 1237 1193 1336 Praepostto
1212 1243 1249 1317 dc
1272 1239 1452 1334 Praelato,
1473 1240 1530 1318 sed
1551 1243 1688 1336 etiam,
1714 1239 1741 1316 st
1764 1241 1874 1316 visunt

482 1349 618 1444 suerit,
647 1381 667 1428 a
694 1351 877 1434 Fratribus
904 1363 1103 1455 ttnivcrfis,
1131 1368 1168 1442 dc
1196 1363 1239 1440 stt
1265 1369 1441 1442 omniurn
1465 1365 1681 1443 novissimas
1709 1369 1751 1442 in
1778 1367 1874 1444 Con·

484 1499 633 1572 ventu3
659 1485 695 1558 dc
723 1483 767 1554 ad
795 1501 961 1582 tempus,
988 1509 1026 1560 ut
1053 1477 1228 1565 efficacius
1256 1488 1457 1586 resipiscat,
1483 1519 1503 1569 a
1530 1489 1703 1570 Fratrum
1731 1487 1826 1566 cons
1859 1532 1873 1549 ·

483 1606 538 1678 tio
568 1605 772 1702 separetur,
799 1609 895 1683 solus
922 1609 1106 1704 perstslens
1133 1615 1176 1690 ad
1204 1639 1295 1712 opus
1323 1597 1615 1707 sibi'iniundum
1637 1621 1678 1694 in
1702 1619 1875 1716 preniten-

487 1739 535 1812 tia
563 1742 600 1814 bc
628 1739 746 1812 luslu.
785 1737 829 1814 In
859 1737 1070 1817 Resedorio
1096 1765 1242 1842 quoque
1276 1747 1485 1820 communis
1521 1741 1656 1818 mensa
1693 1741 1871 1842 participo

482 1867 587 1940 tione
614 1868 799 1963 privetur,
825 1870 861 1944 bt
890 1868 927 1939 in
957 1867 1081 1940 medio
1109 1863 1306 1942 Reseciotii
1334 1867 1371 1942 itt
1401 1888 1493 1943 terra
1514 1867 1715 1962 comedat,
1737 1863 1870 1939 vescens

484 2015 586 2090 aqnae
612 2010 725 2104 potu,
751 1995 788 2068 ὅ(
816 2017 949 2088 panem
971 1992 1138 2068 comedat
1164 1981 1402 2091 groffiorem.
1429 1989 1571 2069 Poterit
1596 2014 1725 2069 tamen
1752 1993 1784 2067 ei
1810 1989 1869 2065 alia

483 2115 569 2213 quid
599 2137 661 2210 per
687 2113 971 2191 misericordiam
998 2115 1211 2212 impendere
1237 2112 1453 2212 Propositus
1490 2123 1546 2192 vel
1575 2117 1776 2197 Praelatuse
1809 2135 1869 2192 nec

493 2240 584 2338 illud
618 2239 717 2339 quod
751 2237 911 2316 comedit
948 2236 1179 2317 benedicatur
1211 2239 1256 2315 ab
1290 2233 1414 2340 aliquo
1452 2229 1690 2338 transeunte,
1724 2243 1781 2322 scd
1815 2263 1875 2316 acc

485 2369 556 2446 cibi
583 2366 636 2442 sui
662 2367 823 2466 reliquia
851 2365 1122 2446 admisceantur
1157 2367 1317 2466 reliquiis
1351 2367 1533 2444 aliorum.
1571 2371 1633 2446 Ad
1663 2369 1787 2447 Horas
1810 2365 1873 2443 Ca·

489 2495 643 2572 uonicas
669 2511 756 2568 ante
783 2489 917 2568 ollium
945 2491 1113 2572 Ecclefiae
1139 2487 1334 2592 prostratus
1359 2488 1469 2580 jaceat
1498 2493 1770 2572 transeuntium
1793 2507 1871 2569 aare

489 2623 618 2724 pedes.
657 2615 705 2694 Et
738 2617 764 2694 st
792 2620 989 2713 Sacerdos,
1025 2639 1086 2694 aut
1112 2620 1152 2692 io
1181 2607 1296 2692 Sacris
1321 2613 1524 2692 Ordinibus
1550 2617 1796 2710 constitutus,
1820 2609 1872 2688 vel

487 2751 603 2826 etiam
633 2743 849 2822 Praedicator
875 2745 1063 2836 extiterit,
1089 2739 1365 2818 Praedicationis
1390 2739 1550 2835 Officio,
1579 2745 1618 2821 dc
1645 2742 1719 2820 suis
1736 2737 1874 2818 Ordini·

360 2901 362 2908 ’
490 2873 559 2951 bus
587 2895 666 2946 nott
693 2857 897 2966 fungatur3
925 2865 985 2944 sed
1014 2892 1106 2962 nec,
1133 2865 1157 2941 st
1180 2863 1333 2957 Laicus,
1362 2868 1508 2964 aliquod
1531 2866 1693 2944 honoris
1712 2865 1873 2945 Officium

491 2998 612 3073 valeat
639 3016 830 3084 exercete,
856 2995 972 3069 donec
999 2993 1190 3093 poslquam
1219 2985 1384 3087 religiose
1409 2983 1520 3064 suerit
1540 2993 1799 3085 conversatus,
1823 3005 1873 3084 pet

488 3117 708 3200 Dominum
738 3105 981 3216 Magistrum,
1019 3119 1076 3194 vel
1111 3139 1173 3214 per
1198 3115 1385 3192 Generale
1411 3117 1629 3214 Capitulum
1658 3119 1721 3198 siat
1747 3117 1874 3213 dispen-

423 3331 427 3338 ,
489 3247 694 3338 satiocum
721 3245 878 3324 eodem.
905 3237 1097 3319 Praefatam
1120 3261 1244 3316 autem
1264 3239 1490 3336 disciplinam
1514 3247 1642 3322 tandiu
1668 3240 1872 3322 satisfaciens

489 3377 682 3475 patiatur,
707 3372 828 3448 donec
855 3391 915 3464 per
943 3363 1160 3442 Dominum
1189 3363 1438 3460 Magislrum,
1473 3391 1533 3444 aut
1569 3395 1632 3467 per
1662 3369 1873 3448 Definitores

492 3504 690 3585 Generalis
714 3500 878 3598 Capituli
904 3515 1159 3593 competenter
1185 3489 1385 3566 secundum
1412 3495 1638 3586 exigentiam
1665 3499 1778 3593 culpa
1801 3491 1872 3568 sore

489 3633 694 3712 censebitur
720 3621 965 3706 satissasiutn.
1004 3615 1220 3716 Praepositus
1255 3637 1379 3700 autem
1415 3619 1471 3690 vel
1499 3615 1674 3696 Praelatus
1703 3618 1803 3710 suus,
1831 3629 1870 3688 tte
1978 3601 1979 3644 i

494 3760 626 3856 majori
655 3753 887 3834 absorbeatur
915 3747 1058 3824 tristitia
1087 3745 1202 3838 (ficut
1226 3745 1334 3822 docet
1363 3745 1495 3824 Beatus
1516 3745 1731 3828 Benedidus
1751 3751 1787 3824 io
1809 3743 1871 3818 Re·

493 3889 579 3988 gula
607 3878 758 3967 uossra)
785 3877 830 3950 ad
858 3864 974 3968 ipsum
1001 3873 1193 3968 Sapientes
1218 3873 1350 3966 dirigat
1377 3867 1562 3967 seniores,
1579 3879 1648 3975 'qtti
1678 3879 1793 3952 eidem
1817 3865 1871 3944 tri·

492 4019 610 4096 braant
635 4002 945 4088 exhortationum
974 4017 1191 4091 unguenta,
1223 3993 1451 4070 Divinarum
1481 3999 1746 4090 medicamenta
1771 3991 1873 4084 Seria·

486 4141 687 4231 'tatarum,
722 4145 921 4232 provocent
950 4135 1045 4198 'eum
1080 4122 1124 4196 ad
1160 4119 1343 4196 humilem
1379 4117 1689 4220 satisfactionem,
1720 4135 1873 4202 commo·

459 4237 465 4246 ⁵
497 4292 625 4351 ventes
650 4290 735 4343 cum
763 4259 806 4336 ad
835 4253 1113 4352 poenitentiam,
1140 4249 1290 4327 foveant
1309 4275 1393 4326 eum
1420 4275 1479 4345 per
1502 4253 1814 4350 compassionem,
1828 4247 1874 4321 itt·

493 4403 630 4482 ducant
660 4395 705 4468 ad
732 4382 1010 4487 poenitentiam.
1038 4376 1085 4451 Et
1110 4378 1262 4451 demum
1291 4375 1331 4448 iu
1358 4395 1441 4451 toto
1461 4377 1663 4455 Cutr'ventu
1685 4377 1746 4454 fiat
1766 4369 1873 4448 oratio

494 4550 563 4624 pro
590 4519 721 4598 codem
737 4569 748 4610 ,
767 4525 814 4585 'ut
845 4507 974 4598 Deus,
993 4503 1054 4602 qui
1082 4503 1209 4579 ontnia
1237 4496 1348 4598 potcss
1363 4553 1376 4593 ,
1394 4505 1486 4576 circa
1507 4499 1701 4584 infirmum
1723 4499 1872 4611 Fratrem

495 4653 662 4736 Salutem
689 4639 840 4723 Anima
866 4653 1059 4733 operetur.
1766 4715 1774 4728 ⁴

1779 4753 1828 4826 De
