4100 5500
351 611 406 666 ru
440 591 845 670 Gsueutttsus
878 589 1146 668 Cotrtrrrs
1181 609 1379 666 surse.
1443 589 1512 662 161

233 790 385 882 Caffatio
405 795 595 892 juramenti
619 796 657 870 rie
681 794 892 894 resgnatiorre
919 795 1163 894 Preprſstrrum
1189 789 1230 874 Θ
1258 792 1498 870 Pralat'orurrr.

300 925 305 934 '
804 926 885 1019 Cap.
909 925 938 994 I.

271 1089 328 1166 Os
357 1093 482 1170 Frater
507 1095 665 1194 Jacobus
691 1092 890 1190 Magister,
916 1099 953 1172 bt
978 1093 1238 1186 Definirores,
1263 1090 1466 1181 cassamus,
1493 1087 1573 1165 irri-

306 1241 456 1318 tamus,
482 1232 518 1305 bt
545 1227 781 1302 annullamus
809 1223 1057 1316 sacramenta,
1084 1251 1163 1324 qum
1188 1226 1363 1299 dicuntur
1389 1213 1457 1294 else
1486 1239 1572 1314 prae·

165 1337 250 1414 llita
281 1341 360 1421 fine
387 1349 536 1426 licentia
563 1349 724 1426 Domini
755 1345 922 1444 Magistri
953 1373 1013 1446 per
1042 1375 1176 1425 omues
1204 1349 1345 1424 Fratres
1373 1347 1429 1420 rel
1458 1341 1574 1430 majo-

159 1489 238 1540 rem
275 1490 453 1566 partem,
489 1471 707 1550 Domorum
743 1472 788 1546 de
820 1472 1067 1549 Rondenarin
1093 1477 1131 1553 bt
1159 1472 1281 1548 Sanlli
1307 1451 1572 1564 christophori

158 1591 204 1666 de
228 1589 435 1689 Vercellis,
462 1609 503 1672 'ac
523 1595 770 1698 quarumlibet
797 1598 951 1672 aliarum
978 1595 1196 1675 Domorum
1225 1615 1299 1672 tam
1322 1595 1429 1694 primi
1456 1615 1569 1693 quant

165 1715 316 1794 secundi
345 1719 531 1815 Ordinis,
565 1721 803 1798 continentia
839 1721 938 1819 quod
970 1721 1125 1818 quilibet
1160 1722 1341 1798 ursorum
1375 1721 1571 1812 Fratrum,

165 1843 229 1942 qui
242 1847 290 1920 ad
305 1845 585 1942 Fraeposrturam
606 1851 661 1920 vel
682 1845 913 1922 Praelaturam
927 1847 1083 1944 ipsarum
1101 1846 1320 1924 Domorum
1340 1851 1376 1924 bt
1393 1845 1572 1924 Conven-

164 1989 274 2046 tnum
292 1972 554 2066 assumeretur,
568 1972 795 2046 renuntiaret
810 1968 902 2046 infra
915 1993 1054 2050 certum
1070 1973 1409 2054 &determinatum
1423 1988 1571 2068 tempus

161 2095 244 2192 ipss
266 2095 474 2194 Praepofitis
498 2098 554 2172 vel
577 2091 759 2170 Praelatis:
782 2095 937 2192 &quod
963 2095 1029 2195 ipsr
1051 2097 1195 2174 Fratres
1216 2096 1314 2171 ultra
1326 2093 1463 2169 dissum
1480 2112 1576 2169 tent·

159 2243 226 2316 pus
255 2223 313 2296 rel
337 2245 383 2297 eo
402 2219 526 2316 elapso
556 2241 634 2293 nou
655 2217 833 2292 obedient
864 2217 1067 2316 Praeposrtis
1098 2222 1154 2296 rel
1185 2219 1347 2295 Praelatis
1374 2221 1572 2317 preditus,

164 2352 437 2428 mandantes&
451 2347 695 2445 precipientes
709 2343 883 2420 universis
898 2343 1126 2442 Prasposttis,
1147 2342 1379 2437 Praelatis,&
1392 2345 1572 2443 Subditis,

158 2483 263 2578 quod
285 2481 377 2558 dista
398 2480 635 2558 Sacramenta
657 2496 834 2572 tanquam
859 2476 958 2552 irrita
986 2481 1021 2554 bt
1044 2475 1238 2553 temerarit
1256 2497 1334 2552 nort
1353 2475 1570 2558 observent.

402 2689 456 2759 De
480 2681 667 2762 eliminatis
691 2707 709 2756 e
729 2679 876 2783 propriis
901 2679 1150 2760 conventibus.
1178 2689 1258 2779 Cap.
1279 2686 1328 2756 ΙΙ.

208 2855 308 2936 Tem
337 2856 552 2951 statuimus,
577 2861 616 2935 bt
640 2857 883 2950 ordinantur,
909 2857 1008 2956 quod
1036 2855 1335 2956 quotiescumque
1360 2854 1565 2954 contigerit

236 2984 399 3082 aliquem
435 2985 623 3062 Viearium
661 3009 851 3070 removere
889 2985 1052 3082 alique-m
1090 2986 1137 3062 de
1177 2983 1324 3082 proprio
1357 2981 1567 3060 Conventu

165 3130 319 3207 propter
345 3107 407 3185 sue
433 3110 635 3200 demerita,
660 3111 697 3186 &
724 3107 768 3182 ad
792 3109 952 3207 aliquem
979 3110 1223 3186 Contentum
1252 3103 1304 3182 sui
1334 3107 1565 3201 vicariatus,

167 3237 224 3308 vel
252 3231 306 3324 (sr
327 3233 366 3306 in
390 3231 456 3308 suo
475 3230 660 3309 vicariatu
684 3253 832 3331 propter
854 3233 1071 3328 paucitatem
1095 3229 1363 3318 Conventuum
1381 3287 1392 3324 ,
1413 3235 1470 3308 vel
1493 3235 1565 3310 alia

167 3356 376 3436 rationabili
397 3352 503 3431 causa
523 3357 633 3431 locari
657 3379 736 3430 non
759 3357 923 3452 poterit)
950 3358 1062 3450 etiarn
1084 3375 1187 3431 extra
1210 3353 1314 3430 suum
1338 3356 1564 3433 Vicariatum

170 3482 418 3560 transmittere
432 3477 563 3576 pulsu,
585 3481 647 3554 ille
662 3479 878 3580 Propositus
891 3483 946 3556 vel
963 3478 1158 3572 Praelatus,
1181 3481 1227 3565 acl
1247 3505 1356 3578 quent
1378 3485 1461 3558 ralis
1479 3484 1564 3560 Fra·

175 3631 255 3704 ter,
275 3631 315 3684 ut
338 3607 465 3704 supra,
489 3603 610 3680 missus
630 3602 764 3696 suerit,
792 3605 908 3700 ipsum
927 3625 1097 3708 teneatur
1118 3605 1296 3701 recipcre:
1322 3607 1412 3680 alias
1440 3629 1565 3687 aurem

168 3735 210 3814 lit
224 3733 410 3834 suspensus
424 3731 468 3806 ab
480 3725 614 3804 Officio
627 3726 813 3826 quousque
836 3752 897 3823 per
919 3727 1137 3804 Dominum
1151 3723 1371 3824 Magistrum
1386 3724 1494 3806 suerit
1510 3757 1565 3810 re·

164 3857 333 3938 stitutus.
360 3857 408 3934 Et
423 3856 495 3930 hoc
507 3851 604 3928 idem
619 3851 861 3950 intelligimus
878 3853 923 3930 de
938 3853 1104 3953 quolibet
1118 3849 1316 3950 Praeposito
1332 3855 1369 3930 ἀ
1386 3851 1564 3936 Praelato.

292 4063 344 4135 De
367 4057 548 4155 complenda
573 4079 705 4132 numero
728 4055 932 4168 Clericorarrr
952 4055 1058 4154 primi
1080 4052 1237 4136 ordinis.
1264 4059 1345 4154 Cap.
1365 4061 1436 4131 ΙΙΙ.

213 4235 311 4315 Tem
338 4233 557 4322 statuimus,
582 4235 619 4308 ὃ(
643 4231 894 4322 ordinemus,
920 4230 1018 4328 quud
1045 4223 1240 4306 Dominus
1267 4223 1444 4324 Magister
1468 4257 1563 4333 quo.

241 4359 463 4455 tiescumque
490 4349 644 4426 rifitabir
668 4353 830 4451 aliquem
856 4350 1102 4430 Contentum
1127 4352 1233 4449 primi
1254 4349 1430 4449 Ordinis,
1460 4357 1561 4434 iore-

170 4483 271 4588 stiget
298 4485 324 4562 sr
352 4483 399 4560 ibi
425 4477 535 4557 luerit
558 4480 765 4574 completus
794 4501 969 4558 numerus
995 4474 1259 4570 Clericorum,
1282 4481 1352 4574 qui
1374 4481 1427 4554 illi
1456 4481 1563 4556 Con-

173 4615 298 4690 ventui
326 4610 439 4687 taxati
464 4603 614 4684 suerunt
641 4627 703 4702 per
729 4603 1027 4682 Constitutioues
1054 4602 1236 4695 Ordinisr
1261 4605 1299 4680 bt
1327 4602 1351 4679 sr
1379 4606 1564 4683 inuenerit

219 4745 318 4837 Tam.
343 4741 413 4812 ΙΙΙ.
871 4724 908 4802 Χ
1378 4729 1518 4806 diuum
