4100 5500
430 658 1369 745 Antonii-ronnasratusratus.
1500 681 1547 761 93

178 781 220 858 dt
251 777 493 874 pertinentiis
528 785 849 890 quibuscumque,
886 793 923 866 in
951 785 1222 870 Monasietiurn
1251 790 1482 872 Moniaiium
1509 787 1593 874 disti

173 903 666 988 OrdinisHumiliatorum
703 941 763 1014 per
791 915 1015 994 Abbatilsam
1044 943 1256 1016 perpetuam
1294 920 1496 1017 regendum
1528 911 1592 988 sub

173 1033 437 1112 invocatione
462 1034 621 1126 ejusdem
644 1042 679 1118 S.
700 1043 858 1120 Caeciliae
881 1066 1056 1143 perpetuo
1083 1051 1259 1145 erigimus
1282 1053 1319 1126 dt
1344 1045 1594 1135 instituimus,
1650 1031 1652 1038 ’

172 1189 218 1242 aa:
245 1163 497 1264 Dignitatem
525 1170 561 1245 dr
590 1191 732 1246 nomen
761 1169 1009 1271 Praepositurae
1035 1181 1073 1255 dr
1092 1175 1465 1254 Conventualitatem
1494 1167 1586 1245 inibi

156 1287 357 1370 ¹Fratrum
385 1299 423 1374 dt
446 1297 759 1394 dependentiau't,
788 1321 854 1374 nec
881 1324 957 1374 oon
986 1299 1181 1378 obtinendi
1205 1301 1340 1380 diuam
1365 1295 1586 1396 Praepositu-

170 1445 298 1516 ram,
336 1447 378 1498 ac
402 1423 448 1498 de
475 1425 538 1501 illa
566 1427 849 1526 quomodolibet
875 1423 1129 1525 disponendi,
1168 1431 1205 1508 dr
1232 1429 1271 1504 in
1299 1451 1341 1504 ea
1369 1422 1586 1518 habitandi,

169 1575 214 1628 ac
243 1551 293 1627 de
326 1553 582 1630 tristabaris
615 1548 686 1630 suis
721 1551 755 1630 se
787 1553 1102 1648 intromittendi,
1135 1559 1173 1632 dt
1199 1551 1299 1630 aliud
1325 1549 1583 1653 quodcumque

167 1679 227 1772 ius
249 1679 444 1758 Fratribus
464 1681 776 1780 &Superioribus
796 1683 878 1760 dtur
900 1683 1053 1762 Ordinis
1072 1683 1371 1764 Humiliatorum
1387 1681 1475 1757 inibi
1491 1705 1585 1780 quo·

150 1805 391 1882 -modotrbet
425 1806 607 1904 pertinent
644 1827 820 1905 perpetuo
854 1805 1113 1908 supprimimus
1146 1813 1183 1890 dt
1215 1809 1506 1904 extinguimus,
1540 1829 1583 1883 ac

165 1931 265 2008 inibi
293 1930 432 2008 siarum
458 1931 627 2008 Fratrum
655 1939 691 2012 dr
720 1935 897 2010 Virorum
925 1936 963 2010 in
982 1931 1123 2012 ‘statum
1149 1935 1377 2013 Monialittm
1401 1956 1578 2033 perpetuo

164 2077 393 2152 mutamus3
420 2083 487 2138 nec
514 2083 594 2136 noo
620 2059 740 2138 eidem
762 2059 999 2138 Monallerio
1019 2059 1058 2138 S.
1079 2057 1237 2140 Carina
1265 2084 1327 2160 per
1349 2061 1582 2136 cnutonem

162 2187 387 2281 hujusmodi
424 2192 518 2291 apud
553 2193 684 2270 Sedem
722 2187 909 2291 prefatam
946 2189 1123 2280 vacanti,
1156 2188 1209 2266 de.
1235 2183 1335 2278 cujus
1363 2182 1577 2283 provisione

163 2341 236 2414 pto
263 2320 442 2417 eoquod
469 2299 550 2396 Nos
576 2317 714 2397 dudum
744 2318 971 2416 provisiones
997 2312 1243 2406 Ecclesrarum
1265 2317 1303 2394 dv
1325 2310 1577 2390 Mobaiberio·

100 2471 106 2482 ·
163 2467 255 2522 sum
284 2448 584 2546 omniumapud
612 2450 744 2540 Sedens
771 2447 926 2523 eandem
957 2463 1046 2518 tunc
1075 2443 1283 2521 vacantium
1311 2444 1348 2518 dt
1375 2441 1414 2515 in
1441 2463 1489 2516 ea·
1512 2449 1575 2518 va'·

162 2595 386 2652 caturorum
412 2573 644 2651 ordinationi
664 2573 703 2648 dr
722 2568 950 2668 dispo'srrioni
973 2567 1116 2644 Noslrae
1138 2563 1423 2658 reservavimus,
1449 2567 1573 2642 decer·

158 2721 304 2780 nentes
331 2723 376 2780 ex
403 2719 494 2778 tunc
520 2701 665 2778 irritum
693 2703 730 2776 dr
759 2697 892 2788 inane,
921 2694 946 2770 li
975 2693 1072 2772 secus
1100 2689 1202 2788 super
1225 2691 1282 2768 his
1303 2715 1365 2788 per
1390 2689 1570 2790 quoscun-

159 2854 258 2932 que.
273 2879 355 2905 ....
378 2825 610 2905 Austoritate
632 2825 843 2926 Apostolica
866 2825 1019 2900 scienter
1041 2821 1096 2897 vel
1120 2821 1340 2916 ignoranter
1359 2820 1567 2916 'contigerit

149 2957 365 3048 'attentaris
391 2954 516 3038 nullus
544 2977 670 3052 praeter
698 2975 769 3028 nos
795 2950 861 3026 lias
889 2953 965 3026 vieo
991 2945 1190 3045 disponere.
1206 2947 1326 3043 potuit
1347 2941 1420 3020 srve
1443 2941 1566 3038 potest

76 3073 80 3081 ’
160 3085 206 3164 de
232 3079 396 3184 persona*
427 3080 536 3182 ipsius
562 3075 705 3157 Maura
742 3078 1009 3176 providemus,
1045 3071 1229 3169 ipsamque
1267 3070 1304 3144 in
1335 3065 1567 3144 Abbatislaut

49 3205 51 3210 ¹
146 3213 285 3314 'quoad
317 3212 482 3304 vixerit,
512 3207 757 3307 praeficimus,
793 3229 919 3280 curam
946 3201 1111 3298 tegimen
1140 3202 1178 3274 dr
1205 3191 1571 3278 administrationem

159 3341 271 3440 ipsius
300 3333 522 3416 Monasierii
549 3335 586 3411 S.
610 3333 769 3408 Caecilia
806 3327 867 3405 srbi
898 3329 936 3403 in
966 3321 1207 3420 spiritualibus
1241 3313 1570 3413 &temporalibus

148 3468 329 3569 'plenarie
342 3458 643 3550 committendo,
666 3479 733 3530 nec
748 3479 827 3528 noo
842 3447 1075 3528 Monialibus
1095 3449 1178 3524 aiut
1203 3440 1467 3530 Monasle'rii·S.
1486 3436 1570 3514 Ma·

160 3600 222 3676 ria
247 3595 423 3675 eamdem
451 3587 626 3666 Mauram
655 3581 752 3683 sequi
776 3577 985 3657 volentibus
1011 3579 1043 3652 se
1066 3600 1246 3653 unacum
1269 3595 1397 3650 earum
1422 3564 1566 3644 dotibus

149 3727 197 3804 cbt
215 3725 371 3816 bonis,
403 3713 603 3794 stad-hoe
629 3703 865 3787 Ditettnum
891 3707 932 3780 in
961 3703 1112 3780 Clarislo
1138 3699 1316 3776 Filiarun't
1343 3692 1566 3779 Conventus

161 3849 247 3925 dtur
273 3843 495 3926 Monesietii
523 3840 560 3915 S.
585 3835 714 3913 Mariae
741 3829 920 3930 expressus
948 3815 1126 3904 accesserit
1155 3823 1345 3916 assensus,
1372 3820 1563 3916 adipsum

149 3971 435 4054 *Monall‘erittm
455 3966 491 4046 S.
508 3965 666 4045 Cutilias
687 3955 951 4048 transferendi,
976 3957 1014 4030 dt
1038 3952 1129 4062 inibi
1151 3949 1394 4040 remanendi,
1416 3943 1563 4044 eisque,

157 4125 228 4177 nec
263 4113 345 4174 non
380 4096 481 4170 diua
510 4089 686 4180 Maura,
716 4083 912 4184 postquam
950 4081 1144 4178 regiminis
1170 4084 1207 4157 dt
1235 4073 1562 4162 administrationis

159 4227 252 4314 didi,
269 4217 491 4300 Monasterii
518 4217 556 4291 S.
580 4209 762 4302 Caeciliae,
788 4211 826 4287 dr
854 4211 951 4283 illius
979 4200 1248 4315 bonorumseu
1275 4198 1421 4289 majoris
1449 4202 1561 4296 partis

157 4374 289 4430 eorum
310 4345 464 4449 ‘pacifice
489 4339 643 4418 assecuta
669 4335 805 4428 suerit,
829 4332 869 4411 se
894 4331 1035 4410 habitui
1064 4335 1101 4408 dr
1131 4325 1355 4424 regularibus
1382 4325 1560 4404 inllirutis

160 4480 389 4558 Mouialium
408 4473 493 4549 diui
516 4467 670 4544 Ordinis
687 4463 988 4542 Humiliruotu'm
1002 4450 1261 4534 conformandi
1286 4458 1438 4552 plenam
1460 4461 1495 4532 dt
1517 4456 1560 4530 li·

161 4601 281 4684 beram
312 4601 500 4681 licentiam
528 4589 803 4672 &facultatem
831 4587 1062 4674 tribuendo,
1088 4587 1133 4674 2&
1164 4581 1411 4670 nihilominus
1441 4583 1560 4658 eidem

156 4731 388 4816 Munasletio
408 4723 616 4806 &Cutilia
636 4743 677 4797 ac
699 4719 798 4794 illius
819 4711 1038 4808 abbavilla,
1059 4705 1316 4810 Mouialibusss,
1334 4711 1372 4798 ,dr
1389 4705 1560 4788 Personis

1454 4859 1520 4929 pro
