4100 5500
466 655 540 724 106
618 643 1624 731 ‘HnurtraronnuConsrrrurrours

411 775 520 853 nibus
548 777 802 859 Sacerdotibus
829 775 1001 877 privatim
1027 775 1195 869 dicatur,
1230 771 1300 853 nili
1328 799 1394 874 pro
1430 769 1592 873 prasenti
1623 761 1816 846 Desundo

414 903 659 1002 impediatur.
688 902 736 982 ln
762 905 972 983 elevatione
1000 923 1124 982 nutem
1152 899 1294 980 Hostiae
1318 900 1544 994 salvatoris,
1572 899 1700 974 minor
1721 917 1826 970 carn·

410 1011 507 1128 pana
532 1032 579 1107 de
612 1033 812 1131 campanili
851 1027 1014 1131 pulsetur
1049 1053 1129 1108 uno
1164 1029 1260 1123 idn,
1295 1032 1333 1107 dt
1368 1053 1502 1104 omnes
1536 1027 1597 1127 qui
1635 1025 1823 1104 audierint

289 1221 294 1235 ,
409 1159 511 1236 intra
537 1157 646 1249 Septa
674 1155 880 1236 Canonicae
909 1155 971 1235 seu
998 1155 1153 1234 Domus
1186 1156 1278 1230 locis
1311 1151 1456 1230 idoneis
1490 1147 1638 1230 dedant
1674 1173 1830 1250 genua·

416 1277 492 1378 Qui
521 1307 608 1358 vero
645 1281 787 1359 luerint
821 1283 862 1359 in
896 1278 1057 1360 Ecclesia
1093 1279 1141 1358 fic
1168 1279 1368 1379 genuflexo
1403 1299 1583 1357 maneant
1617 1279 1721 1378 super
1745 1273 1829 1357 sor·

411 1421 492 1484 mas
520 1413 575 1506 (4)
602 1408 724 1484 donec
751 1407 928 1486 Sacerdos
954 1407 1086 1486 dixerit
1123 1415 1188 1486 Per
1211 1408 1325 1482 omnic
1352 1411 1477 1481 secuta
1501 1411 1725 1486 secutorum.
1764 1403 1831 1486 Ae

418 1531 547 1614 Horas
574 1535 726 1612 veroin
757 1533 832 1616 fine
859 1536 1090 1615 Orationum
1121 1561 1199 1612 non
1228 1535 1362 1610 dicitur
1379 1530 1565 1631 famulas,
1591 1535 1650 1613 sed
1676 1554 1828 1614 tantum

409 1665 563 1766 famulos
584 1679 681 1739 tuos.
710 1661 810 1740 Laici
840 1689 1001 1768 namque
1028 1667 1168 1742 litteras
1190 1661 1414 1754 nescientes,
1437 1685 1503 1760 pro
1525 1661 1682 1760 singulis
1703 1663 1826 1742 Horis

409 1793 483 1871 diei
510 1793 635 1866 dicant
663 1787 801 1887 septem
830 1797 934 1868 Pater
958 1789 1081 1886 noller,
1113 1795 1150 1870 ὅ(
1185 1789 1322 1882 semel,
1356 1789 1516 1885 Miserere
1542 1789 1610 1865 mei
1637 1794 1755 1883 Dr'ur,
1782 1795 1824 1872 dt

406 1941 483 2015 ‚pro
517 1913 633 1991 Horis
668 1911 791 1992 Beatae
826 1913 958 1992 Maria
990 1919 1155 2018 quinque
1190 1923 1293 1990 Pater
1317 1914 1440 2008 noller,
1464 1921 1511 2021 'dc
1538 1939 1605 2011 pro
1629 1917 1827 1996 Matutino

409 2043 482 2122 diei
510 2045 721 2144 quindecim
750 2043 794 2118 ad
823 2045 974 2138 minus,
998 2049 1036 2122 dc
1062 2063 1116 2120 ter
1144 2041 1306 2136 Miserere
1330 2046 1396 2119 mei
1416 2021 1531 2137 Deus,
1554 2049 1591 2122 dt
1614 2071 1681 2143 pro
1702 2043 1821 2126 Beata

406 2165 529 2245 Maria
563 2169 690 2244 decem
728 2175 834 2242 Pater
868 2167 1004 2264 noster,
1037 2173 1074 2249 dt
1110 2169 1155 2246 ad
1189 2167 1380 2262 Primam,
1412 2174 1451 2248 dt
1485 2167 1825 2272 completorium,

409 2297 472 2397 qui
500 2291 645 2388 sciunt,
670 2293 775 2370 Credo
800 2293 837 2367 r'rr
864 2295 1000 2369 Deum.

731 2503 785 2572 Dr
808 2491 1069 2585 festivitatibus
1085 2495 1276 2592 sanandis.
1315 2507 1397 2601 Cap.
1422 2505 1484 2581 Vs.

345 2741 347 2748 Α
478 2671 685 2752 Ellivitates
718 2668 930 2767 ferianda,
960 2669 1022 2751 sen
1058 2673 1241 2751 serrandae
1277 2673 1361 2754 sunt
1399 2679 1602 2776 videlicet,
1635 2677 1823 2762 Nativitas

501 2801 696 2898 Domini,
730 2803 953 2881 Sandortrm
991 2803 1202 2902 Stephani,
1235 2803 1393 2906 Ioannis
1426 2809 1708 2908 Evangelillae,
1741 2809 1826 2888 Cir·

266 2957 270 2963 ·
400 2927 604 3025 cumcilio,
630 2927 865 3028 Epiphania,
893 2953 1026 3005 omnes
1054 2927 1282 3009 Felliritates
1304 2931 1426 3013 Beatae
1449 2934 1602 3029 Maria,
1627 2933 1821 3031 Matthias,

401 3047 612 3148 Benedtm,
633 3053 867 3148 Parasccues,
889 3051 1122 3134 Resurredlio
1142 3053 1334 3154 Domini,
1357 3059 1570 3143 secunda&
1595 3065 1700 3142 tertia
1729 3061 1823 3150 serie

398 3179 444 3258 dc
479 3167 623 3273 Albis,
642 3177 770 3278 Jacobi
798 3179 836 3258 dt
870 3175 1066 3278 Philippi,
1103 3181 1282 3264 Ascensro
1315 3185 1516 3286 Domini,
1548 3191 1820 3292 Pentecosten,

397 3303 558 3406 Joannis
585 3303 777 3406 Baptistae,
807 3301 1076 3402 Apostolorum
1105 3306 1204 3388 Petri
1231 3315 1270 3391 dt
1297 3311 1429 3409 Pauli,
1455 3315 1588 3396 Mariae
1614 3319 1809 3421 Magdala·

404 3457 489 3529 nae,
520 3431 647 3532 Jacobi
683 3431 881 3534 Apostoli,
915 3429 1134 3532 Laurentii,
1167 3429 1463 3540 Bartholomaei,
1502 3447 1706 3545 Matthaei,
1742 3447 1822 3528 Mi·

404 3563 567 3658 chaelis,
593 3563 784 3658 Simonis,
808 3565 847 3644 dt
873 3559 1002 3662 Judae,
1026 3561 1218 3642 Omnium
1244 3563 1492 3668 Sandomm,
1519 3573 1708 3674 Martini,
1734 3579 1819 3686 rin·

396 3687 519 3785 drear,
542 3690 708 3768 Thomac
736 3689 931 3788 Apolloli;
957 3693 994 3769 dr
1021 3692 1092 3768 alia
1118 3689 1247 3787 Pesla,
1283 3697 1437 3796 quae·ab
1463 3701 1546 3777 aliis
1580 3705 1711 3784 vicinis
1736 3707 1813 3786 Sae.

396 3817 581 3894 sularibus
607 3813 795 3891 servantur
823 3809 878 3904 (li
906 3815 1077 3911 expedire
1104 3817 1222 3896 visum
1248 3817 1390 3910 suerit>
1415 3820 1623 3927 ferientur,
1652 3857 1700 3910 ne
1720 3837 1817 3926 alias

395 3948 443 4020 e‘x
470 3941 542 4019 hoc
569 3939 808 4020 Saecularibus
832 3937 1054 4018 ¹scandalum
1089 3961 1314 4038 generetur.
1353 3945 1417 4023 De
1453 3957 1633 4038 omnibus
1656 3987 1812 4064 quoque

395 4068 666 4149 Fellivitaribus
690 4063 871 4145 Orliciunt
896 4065 987 4162 fiat,
1008 4087 1048 4146 nt
1070 4070 1108 4144 in
1132 4067 1339 4150 Ordinatio
1359 4083 1603 4181 continetur,
1631 4089 1684 4167 ira
1707 4091 1816 4172 dum·

397 4218 501 4278 taxat
524 4197 623 4298 quod
649 4191 856 4292 duplicibus
880 4191 994 4270 Pestis
1019 4195 1203 4273 addantur
1227 4198 1451 4281 Sandorum
1478 4205 1806 4311 Euangelislaru'rn

269 4435 272 4444 ι
396 4323 516 4406 Marci
550 4327 589 4405 dt
616 4321 758 4417 Lucae,
791 4321 829 4396 dc
863 4341 1023 4418 quatuor
1055 4321 1269 4402 Dodorurn
1305 4325 1440 4410 scilicet
1472 4317 1680 4438 Gregorii,
1717 4345 1814 4424 Am.
