<?xml version="1.0" encoding="UTF-8"?>
<!DOCTYPE html PUBLIC "-//W3C//DTD XHTML 1.0 Transitional//EN"
    "http://www.w3.org/TR/xhtml1/DTD/xhtml1-transitional.dtd">
<html xmlns="http://www.w3.org/1999/xhtml" xml:lang="en" lang="en">
 <head>
  <title>
</title>
<meta http-equiv="Content-Type" content="text/html;charset=utf-8" />
  <meta name='ocr-system' content='tesseract 3.04.00' />
  <meta name='ocr-capabilities' content='ocr_page ocr_carea ocr_par ocr_line ocrx_word'/>
</head>
<body>
  <div class='ocr_page' id='page_1' title='image "./veterahumiliato00braigoog_0289.png"; bbox 0 0 3970 6230; ppageno 0'>
   <div class='ocr_carea' id='block_1_1' title="bbox 442 565 1931 4598">
    <p class='ocr_par' dir='ltr' id='par_1_1' title="bbox 442 565 1931 4598">
     <span class='ocr_line' id='line_1_1' title="bbox 536 565 1420 692; baseline 0.021 -26"><span class='ocrx_word' id='word_1_1' title='bbox 536 565 624 688; x_wconf 57' lang='lat' dir='ltr'>sm</span> <span class='ocrx_word' id='word_1_2' title='bbox 980 585 1420 692; x_wconf 70' lang='lat' dir='ltr'>Caucaseos</span> 
     </span>
     <span class='ocr_line' id='line_1_2' title="bbox 601 712 1192 818; baseline 0.01 -22"><span class='ocrx_word' id='word_1_3' title='bbox 601 717 669 796; x_wconf 93' lang='lat' dir='ltr'>De</span> <span class='ocrx_word' id='word_1_4' title='bbox 695 712 892 818; x_wconf 75' lang='lat' dir='ltr'>Busnago.:</span> <span class='ocrx_word' id='word_1_5' title='bbox 915 718 1072 800; x_wconf 80' lang='lat' dir='ltr'>Sorores</span> <span class='ocrx_word' id='word_1_6' title='bbox 1096 743 1192 804; x_wconf 86' lang='lat' dir='ltr'>tres.</span> 
     </span>
     <span class='ocr_line' id='line_1_3' title="bbox 607 843 1631 946; baseline 0 -20"><span class='ocrx_word' id='word_1_7' title='bbox 607 845 675 926; x_wconf 89' lang='lat' dir='ltr'>Dc</span> <span class='ocrx_word' id='word_1_8' title='bbox 696 843 881 946; x_wconf 78' lang='lat' dir='ltr'>CugooIo</span> <span class='ocrx_word' id='word_1_9' title='bbox 905 849 947 925; x_wconf 86' lang='lat' dir='ltr'>in</span> <span class='ocrx_word' id='word_1_10' title='bbox 975 851 1259 929; x_wconf 75' lang='lat' dir='ltr'>vicomercato:</span> <span class='ocrx_word' id='word_1_11' title='bbox 1281 851 1440 930; x_wconf 82' lang='lat' dir='ltr'>Sorores</span> <span class='ocrx_word' id='word_1_12' title='bbox 1464 867 1631 930; x_wconf 82' lang='lat' dir='ltr'>norem.</span> 
     </span>
     <span class='ocr_line' id='line_1_4' title="bbox 603 968 1444 1072; baseline 0.004 -23"><span class='ocrx_word' id='word_1_13' title='bbox 603 969 672 1050; x_wconf 87' lang='lat' dir='ltr'>De</span> <span class='ocrx_word' id='word_1_14' title='bbox 693 968 899 1070; x_wconf 82' lang='lat' dir='ltr'>Capitcvici</span> <span class='ocrx_word' id='word_1_15' title='bbox 924 971 977 1049; x_wconf 86' lang='lat' dir='ltr'>ibi</span> <span class='ocrx_word' id='word_1_16' title='bbox 1003 976 1135 1072; x_wconf 84' lang='lat' dir='ltr'>supra:</span> <span class='ocrx_word' id='word_1_17' title='bbox 1158 975 1313 1055; x_wconf 79' lang='lat' dir='ltr'>Sorores</span> <span class='ocrx_word' id='word_1_18' title='bbox 1333 977 1444 1054; x_wconf 75' lang='lat' dir='ltr'>oiio.</span> 
     </span>
     <span class='ocr_line' id='line_1_5' title="bbox 602 1089 1469 1199; baseline -0.002 -21"><span class='ocrx_word' id='word_1_19' title='bbox 602 1097 671 1178; x_wconf 91' lang='lat' dir='ltr'>De</span> <span class='ocrx_word' id='word_1_20' title='bbox 694 1098 733 1174; x_wconf 84' lang='lat' dir='ltr'>ia</span> <span class='ocrx_word' id='word_1_21' title='bbox 756 1097 866 1177; x_wconf 73' lang='lat' dir='ltr'>Valle</span> <span class='ocrx_word' id='word_1_22' title='bbox 889 1099 942 1178; x_wconf 73' lang='lat' dir='ltr'>riri</span> <span class='ocrx_word' id='word_1_23' title='bbox 967 1099 1097 1199; x_wconf 87' lang='lat' dir='ltr'>supra:</span> <span class='ocrx_word' id='word_1_24' title='bbox 1118 1089 1277 1182; x_wconf 77' lang='lat' dir='ltr'>Sorores</span> <span class='ocrx_word' id='word_1_25' title='bbox 1301 1124 1469 1181; x_wconf 80' lang='lat' dir='ltr'>norem.</span> 
     </span>
     <span class='ocr_line' id='line_1_6' title="bbox 600 1225 1745 1326; baseline -0.011 -18"><span class='ocrx_word' id='word_1_26' title='bbox 600 1225 666 1308; x_wconf 88' lang='lat' dir='ltr'>De</span> <span class='ocrx_word' id='word_1_27' title='bbox 690 1225 937 1326; x_wconf 77' lang='lat' dir='ltr'>Bernadigio:</span> <span class='ocrx_word' id='word_1_28' title='bbox 962 1227 1117 1307; x_wconf 81' lang='lat' dir='ltr'>Sorores</span> <span class='ocrx_word' id='word_1_29' title='bbox 1141 1253 1307 1324; x_wconf 84' lang='lat' dir='ltr'>norem,</span> <span class='ocrx_word' id='word_1_30' title='bbox 1330 1225 1565 1307; x_wconf 75' lang='lat' dir='ltr'>fraterculum</span> <span class='ocrx_word' id='word_1_31' title='bbox 1588 1243 1745 1300; x_wconf 82' lang='lat' dir='ltr'>onum.</span> 
     </span>
     <span class='ocr_line' id='line_1_7' title="bbox 442 1349 1791 1458; baseline -0.004 -26"><span class='ocrx_word' id='word_1_32' title='bbox 442 1411 444 1416; x_wconf 66' lang='lat'>,</span> <span class='ocrx_word' id='word_1_33' title='bbox 601 1349 668 1432; x_wconf 90' lang='lat' dir='ltr'>De</span> <span class='ocrx_word' id='word_1_34' title='bbox 694 1349 866 1429; x_wconf 79' lang='lat' dir='ltr'>Mesate:</span> <span class='ocrx_word' id='word_1_35' title='bbox 889 1351 1047 1432; x_wconf 83' lang='lat' dir='ltr'>Sorores</span> <span class='ocrx_word' id='word_1_36' title='bbox 1072 1355 1268 1458; x_wconf 84' lang='lat' dir='ltr'>quinque,</span> <span class='ocrx_word' id='word_1_37' title='bbox 1290 1349 1532 1431; x_wconf 73' lang='lat' dir='ltr'>fratercuium</span> <span class='ocrx_word' id='word_1_38' title='bbox 1554 1371 1711 1427; x_wconf 76' lang='lat' dir='ltr'>unum.</span> <span class='ocrx_word' id='word_1_39' title='bbox 1787 1369 1791 1376; x_wconf 84' lang='lat'>&#39;</span> 
     </span>
     <span class='ocr_line' id='line_1_8' title="bbox 605 1477 1610 1584; baseline -0.005 -26"><span class='ocrx_word' id='word_1_40' title='bbox 605 1477 673 1558; x_wconf 91' lang='lat' dir='ltr'>De</span> <span class='ocrx_word' id='word_1_41' title='bbox 699 1479 889 1561; x_wconf 83' lang='lat' dir='ltr'>Archori:</span> <span class='ocrx_word' id='word_1_42' title='bbox 912 1483 1069 1562; x_wconf 84' lang='lat' dir='ltr'>Sorores</span> <span class='ocrx_word' id='word_1_43' title='bbox 1092 1481 1265 1584; x_wconf 79' lang='lat' dir='ltr'>septem,</span> <span class='ocrx_word' id='word_1_44' title='bbox 1286 1477 1420 1561; x_wconf 79' lang='lat' dir='ltr'>samus.</span> <span class='ocrx_word' id='word_1_45' title='bbox 1443 1531 1460 1555; x_wconf 83' lang='lat'><strong>.</strong></span> <span class='ocrx_word' id='word_1_46' title='bbox 1480 1531 1496 1556; x_wconf 81' lang='lat'><strong>.</strong></span> <span class='ocrx_word' id='word_1_47' title='bbox 1518 1529 1533 1554; x_wconf 75' lang='grc'><em>.</em></span> <span class='ocrx_word' id='word_1_48' title='bbox 1554 1527 1569 1553; x_wconf 75' lang='grc'><strong>.</strong></span> <span class='ocrx_word' id='word_1_49' title='bbox 1594 1514 1610 1553; x_wconf 76' lang='lat'>.-</span> 
     </span>
     <span class='ocr_line' id='line_1_9' title="bbox 602 1601 1567 1708; baseline 0.003 -26"><span class='ocrx_word' id='word_1_50' title='bbox 602 1601 669 1682; x_wconf 91' lang='lat' dir='ltr'>De</span> <span class='ocrx_word' id='word_1_51' title='bbox 693 1605 965 1704; x_wconf 81' lang='lat' dir='ltr'>Gorgonzoia:</span> <span class='ocrx_word' id='word_1_52' title='bbox 991 1607 1148 1688; x_wconf 83' lang='lat' dir='ltr'>Sorores</span> <span class='ocrx_word' id='word_1_53' title='bbox 1172 1607 1260 1708; x_wconf 84' lang='lat' dir='ltr'>sex,</span> <span class='ocrx_word' id='word_1_54' title='bbox 1276 1606 1416 1688; x_wconf 79' lang='lat' dir='ltr'>samus.</span> <span class='ocrx_word' id='word_1_55' title='bbox 1437 1659 1452 1682; x_wconf 86' lang='lat'>.</span> <span class='ocrx_word' id='word_1_56' title='bbox 1475 1653 1491 1684; x_wconf 67' lang='lat'>0</span> <span class='ocrx_word' id='word_1_57' title='bbox 1515 1657 1527 1681; x_wconf 83' lang='lat'><strong>·</strong></span> <span class='ocrx_word' id='word_1_58' title='bbox 1551 1655 1567 1678; x_wconf 47' lang='grc' dir='ltr'><strong>ω</strong></span> 
     </span>
     <span class='ocr_line' id='line_1_10' title="bbox 608 1726 1167 1830; baseline 0.014 -23"><span class='ocrx_word' id='word_1_59' title='bbox 608 1726 675 1807; x_wconf 92' lang='lat' dir='ltr'>De</span> <span class='ocrx_word' id='word_1_60' title='bbox 701 1728 873 1830; x_wconf 81' lang='lat' dir='ltr'>inzago:</span> <span class='ocrx_word' id='word_1_61' title='bbox 898 1733 1053 1816; x_wconf 87' lang='lat' dir='ltr'>Sorores</span> <span class='ocrx_word' id='word_1_62' title='bbox 1078 1733 1167 1814; x_wconf 83' lang='lat' dir='ltr'>sex.</span> 
     </span>
     <span class='ocr_line' id='line_1_11' title="bbox 610 1852 1281 1966; baseline 0.006 -30"><span class='ocrx_word' id='word_1_63' title='bbox 610 1852 677 1936; x_wconf 91' lang='lat' dir='ltr'>De</span> <span class='ocrx_word' id='word_1_64' title='bbox 700 1855 885 1936; x_wconf 76' lang='lat' dir='ltr'>Cossano:</span> <span class='ocrx_word' id='word_1_65' title='bbox 910 1859 1065 1939; x_wconf 88' lang='lat' dir='ltr'>Sorores</span> <span class='ocrx_word' id='word_1_66' title='bbox 1087 1865 1281 1966; x_wconf 83' lang='lat' dir='ltr'>quinque.</span> 
     </span>
     <span class='ocr_line' id='line_1_12' title="bbox 653 1967 1766 2084; baseline -0.004 -20"><span class='ocrx_word' id='word_1_67' title='bbox 653 1989 699 2064; x_wconf 75' lang='lat' dir='ltr'>ia</span> <span class='ocrx_word' id='word_1_68' title='bbox 723 1989 839 2084; x_wconf 78' lang='lat' dir='ltr'><em>Insula</em></span> <span class='ocrx_word' id='word_1_69' title='bbox 864 1988 1070 2066; x_wconf 83' lang='lat' dir='ltr'>Folcberiaae</span> <span class='ocrx_word' id='word_1_70' title='bbox 1091 1992 1192 2068; x_wconf 82' lang='lat' dir='ltr'>ultre</span> <span class='ocrx_word' id='word_1_71' title='bbox 1215 1991 1367 2068; x_wconf 77' lang='lat' dir='ltr'>Abderam</span> <span class='ocrx_word' id='word_1_72' title='bbox 1386 1967 1488 2068; x_wconf 73' lang='lat' dir='ltr'>areat</span> <span class='ocrx_word' id='word_1_73' title='bbox 1505 2001 1605 2066; x_wconf 82' lang='lat' dir='ltr'>:erra</span> <span class='ocrx_word' id='word_1_74' title='bbox 1629 1988 1766 2064; x_wconf 75' lang='lat' dir='ltr'>namu:</span> 
     </span>
     <span class='ocr_line' id='line_1_13' title="bbox 856 2111 1570 2211; baseline 0 -23"><span class='ocrx_word' id='word_1_75' title='bbox 856 2119 1051 2211; x_wconf 78' lang='lat' dir='ltr'>Fratrum,</span> <span class='ocrx_word' id='word_1_76' title='bbox 1073 2111 1119 2196; x_wconf 65' lang='lat' dir='ltr'>ds</span> <span class='ocrx_word' id='word_1_77' title='bbox 1143 2142 1214 2192; x_wconf 79' lang='lat' dir='ltr'>aaa</span> <span class='ocrx_word' id='word_1_78' title='bbox 1237 2121 1368 2194; x_wconf 81' lang='lat' dir='ltr'>Domus</span> <span class='ocrx_word' id='word_1_79' title='bbox 1388 2121 1570 2194; x_wconf 79' lang='lat' dir='ltr'>Sororum.</span> 
     </span>
     <span class='ocr_line' id='line_1_14' title="bbox 604 2232 1798 2340; baseline -0.006 -24"><span class='ocrx_word' id='word_1_80' title='bbox 604 2232 672 2316; x_wconf 90' lang='lat' dir='ltr'>De</span> <span class='ocrx_word' id='word_1_81' title='bbox 696 2235 875 2337; x_wconf 82' lang='lat' dir='ltr'>Ripaita:</span> <span class='ocrx_word' id='word_1_82' title='bbox 901 2237 1047 2317; x_wconf 77' lang='lat' dir='ltr'>Fratres</span> <span class='ocrx_word' id='word_1_83' title='bbox 1070 2239 1263 2340; x_wconf 82' lang='lat' dir='ltr'>quinque,</span> <span class='ocrx_word' id='word_1_84' title='bbox 1287 2239 1409 2318; x_wconf 83' lang='lat' dir='ltr'>Sor..</span> <span class='ocrx_word' id='word_1_85' title='bbox 1435 2293 1448 2314; x_wconf 83' lang='lat'><strong>.</strong></span> <span class='ocrx_word' id='word_1_86' title='bbox 1470 2291 1485 2314; x_wconf 83' lang='lat'>.</span> <span class='ocrx_word' id='word_1_87' title='bbox 1509 2235 1634 2315; x_wconf 86' lang='lat' dir='ltr'>samui</span> <span class='ocrx_word' id='word_1_88' title='bbox 1636 2279 1798 2314; x_wconf 77' lang='grc'><strong>.....</strong></span> 
     </span>
     <span class='ocr_line' id='line_1_15' title="bbox 602 2357 1848 2464; baseline -0.005 -22"><span class='ocrx_word' id='word_1_89' title='bbox 602 2357 671 2442; x_wconf 93' lang='lat' dir='ltr'>De</span> <span class='ocrx_word' id='word_1_90' title='bbox 691 2363 872 2442; x_wconf 78' lang='lat' dir='ltr'>Vaiiato:</span> <span class='ocrx_word' id='word_1_91' title='bbox 898 2365 1040 2443; x_wconf 81' lang='lat' dir='ltr'>Fratres</span> <span class='ocrx_word' id='word_1_92' title='bbox 1063 2385 1162 2462; x_wconf 86' lang='lat' dir='ltr'>tres,</span> <span class='ocrx_word' id='word_1_93' title='bbox 1188 2365 1342 2442; x_wconf 86' lang='lat' dir='ltr'>Sorores</span> <span class='ocrx_word' id='word_1_94' title='bbox 1361 2379 1553 2464; x_wconf 81' lang='lat' dir='ltr'>quatuor,</span> <span class='ocrx_word' id='word_1_95' title='bbox 1575 2357 1718 2438; x_wconf 80' lang='lat' dir='ltr'>samus.</span> <span class='ocrx_word' id='word_1_96' title='bbox 1737 2413 1752 2436; x_wconf 82' lang='lat'><strong>.</strong></span> <span class='ocrx_word' id='word_1_97' title='bbox 1773 2411 1789 2438; x_wconf 79' lang='grc'><strong>.</strong></span> <span class='ocrx_word' id='word_1_98' title='bbox 1804 2369 1848 2436; x_wconf 70' lang='lat'>..¹</span> 
     </span>
     <span class='ocr_line' id='line_1_16' title="bbox 603 2475 1795 2586; baseline -0.003 -20"><span class='ocrx_word' id='word_1_99' title='bbox 603 2485 671 2566; x_wconf 86' lang='lat' dir='ltr'>De</span> <span class='ocrx_word' id='word_1_100' title='bbox 690 2488 879 2567; x_wconf 81' lang='lat' dir='ltr'>Triviiio:</span> <span class='ocrx_word' id='word_1_101' title='bbox 906 2489 1047 2567; x_wconf 79' lang='lat' dir='ltr'>Fratres</span> <span class='ocrx_word' id='word_1_102' title='bbox 1072 2490 1165 2586; x_wconf 87' lang='lat' dir='ltr'>sex,</span> <span class='ocrx_word' id='word_1_103' title='bbox 1190 2490 1344 2567; x_wconf 88' lang='lat' dir='ltr'>Sorores</span> <span class='ocrx_word' id='word_1_104' title='bbox 1366 2491 1479 2584; x_wconf 74' lang='lat' dir='ltr'>osto,</span> <span class='ocrx_word' id='word_1_105' title='bbox 1498 2485 1624 2565; x_wconf 78' lang='lat' dir='ltr'>famul</span> <span class='ocrx_word' id='word_1_106' title='bbox 1627 2536 1787 2567; x_wconf 79' lang='grc'><strong>.....</strong></span> <span class='ocrx_word' id='word_1_107' title='bbox 1788 2475 1795 2484; x_wconf 70' lang='grc'><strong>’</strong></span> 
     </span>
     <span class='ocr_line' id='line_1_17' title="bbox 604 2609 1644 2719; baseline 0.007 -29"><span class='ocrx_word' id='word_1_108' title='bbox 604 2609 672 2691; x_wconf 92' lang='lat' dir='ltr'>De</span> <span class='ocrx_word' id='word_1_109' title='bbox 693 2614 959 2693; x_wconf 84' lang='lat' dir='ltr'>Cairinzano:</span> <span class='ocrx_word' id='word_1_110' title='bbox 986 2615 1128 2695; x_wconf 83' lang='lat' dir='ltr'>Fratres</span> <span class='ocrx_word' id='word_1_111' title='bbox 1150 2639 1339 2719; x_wconf 87' lang='lat' dir='ltr'>quatuor,</span> <span class='ocrx_word' id='word_1_112' title='bbox 1362 2619 1517 2698; x_wconf 86' lang='lat' dir='ltr'>Sorores</span> <span class='ocrx_word' id='word_1_113' title='bbox 1540 2637 1644 2697; x_wconf 80' lang='lat' dir='ltr'>tres.</span> 
     </span>
     <span class='ocr_line' id='line_1_18' title="bbox 605 2733 1710 2844; baseline 0.005 -30"><span class='ocrx_word' id='word_1_114' title='bbox 605 2733 672 2814; x_wconf 90' lang='lat' dir='ltr'>De</span> <span class='ocrx_word' id='word_1_115' title='bbox 691 2735 927 2837; x_wconf 83' lang='lat' dir='ltr'>Carauagio,</span> <span class='ocrx_word' id='word_1_116' title='bbox 952 2739 1093 2818; x_wconf 75' lang='lat' dir='ltr'>Fratres</span> <span class='ocrx_word' id='word_1_117' title='bbox 1117 2744 1320 2839; x_wconf 82' lang='lat' dir='ltr'>undecim,</span> <span class='ocrx_word' id='word_1_118' title='bbox 1345 2745 1498 2821; x_wconf 87' lang='lat' dir='ltr'>Sorores</span> <span class='ocrx_word' id='word_1_119' title='bbox 1518 2765 1710 2844; x_wconf 79' lang='lat' dir='ltr'>quatuor.</span> 
     </span>
     <span class='ocr_line' id='line_1_19' title="bbox 607 2857 1875 2966; baseline -0.004 -24"><span class='ocrx_word' id='word_1_120' title='bbox 607 2859 675 2942; x_wconf 90' lang='lat' dir='ltr'>De</span> <span class='ocrx_word' id='word_1_121' title='bbox 696 2861 874 2940; x_wconf 86' lang='lat' dir='ltr'>Fornovo</span> <span class='ocrx_word' id='word_1_122' title='bbox 898 2865 949 2940; x_wconf 83' lang='lat' dir='ltr'>ibi</span> <span class='ocrx_word' id='word_1_123' title='bbox 978 2864 1106 2964; x_wconf 88' lang='lat' dir='ltr'>supra:</span> <span class='ocrx_word' id='word_1_124' title='bbox 1132 2867 1278 2946; x_wconf 78' lang='lat' dir='ltr'>Fratres</span> <span class='ocrx_word' id='word_1_125' title='bbox 1302 2869 1412 2966; x_wconf 72' lang='lat' dir='ltr'>osto,</span> <span class='ocrx_word' id='word_1_126' title='bbox 1433 2869 1589 2952; x_wconf 81' lang='lat' dir='ltr'>Sorores</span> <span class='ocrx_word' id='word_1_127' title='bbox 1614 2857 1875 2964; x_wconf 75' lang='lat' dir='ltr'>tres,samui.··</span> 
     </span>
     <span class='ocr_line' id='line_1_20' title="bbox 606 2987 1599 3095; baseline 0.002 -27"><span class='ocrx_word' id='word_1_128' title='bbox 606 2988 673 3068; x_wconf 90' lang='lat' dir='ltr'>De</span> <span class='ocrx_word' id='word_1_129' title='bbox 693 2987 921 3088; x_wconf 83' lang='lat' dir='ltr'>Bregnaoo:</span> <span class='ocrx_word' id='word_1_130' title='bbox 949 2989 1092 3071; x_wconf 87' lang='lat' dir='ltr'>Fratres</span> <span class='ocrx_word' id='word_1_131' title='bbox 1114 2995 1306 3095; x_wconf 85' lang='lat' dir='ltr'>quinque,</span> <span class='ocrx_word' id='word_1_132' title='bbox 1329 2995 1483 3072; x_wconf 87' lang='lat' dir='ltr'>Sorores</span> <span class='ocrx_word' id='word_1_133' title='bbox 1505 3015 1599 3072; x_wconf 84' lang='lat' dir='ltr'>tres.</span> 
     </span>
     <span class='ocr_line' id='line_1_21' title="bbox 605 3110 1824 3214; baseline 0.002 -22"><span class='ocrx_word' id='word_1_134' title='bbox 605 3110 760 3192; x_wconf 88' lang='lat' dir='ltr'>Domus</span> <span class='ocrx_word' id='word_1_135' title='bbox 784 3113 967 3190; x_wconf 84' lang='lat' dir='ltr'>Sororum</span> <span class='ocrx_word' id='word_1_136' title='bbox 993 3116 1041 3188; x_wconf 89' lang='lat' dir='ltr'>de</span> <span class='ocrx_word' id='word_1_137' title='bbox 1066 3116 1242 3212; x_wconf 85' lang='lat' dir='ltr'>Ripaita:</span> <span class='ocrx_word' id='word_1_138' title='bbox 1265 3117 1421 3195; x_wconf 89' lang='lat' dir='ltr'>Sorores</span> <span class='ocrx_word' id='word_1_139' title='bbox 1450 3119 1531 3214; x_wconf 79' lang='lat' dir='ltr'>serr,</span> <span class='ocrx_word' id='word_1_140' title='bbox 1557 3119 1692 3198; x_wconf 78' lang='lat' dir='ltr'>samus.</span> <span class='ocrx_word' id='word_1_141' title='bbox 1714 3169 1729 3194; x_wconf 74' lang='grc'><em>.</em></span> <span class='ocrx_word' id='word_1_142' title='bbox 1748 3165 1762 3192; x_wconf 76' lang='lat'><strong>·</strong></span> <span class='ocrx_word' id='word_1_143' title='bbox 1781 3161 1824 3188; x_wconf 85' lang='lat'>··</span> 
     </span>
     <span class='ocr_line' id='line_1_22' title="bbox 677 3235 1738 3334; baseline -0.002 -16"><span class='ocrx_word' id='word_1_144' title='bbox 677 3243 720 3318; x_wconf 80' lang='lat' dir='ltr'>In</span> <span class='ocrx_word' id='word_1_145' title='bbox 745 3239 889 3334; x_wconf 85' lang='lat' dir='ltr'>Cumis,</span> <span class='ocrx_word' id='word_1_146' title='bbox 912 3235 956 3319; x_wconf 66' lang='lat' dir='ltr'>Is</span> <span class='ocrx_word' id='word_1_147' title='bbox 981 3241 1108 3326; x_wconf 77' lang='lat' dir='ltr'>Diocess</span> <span class='ocrx_word' id='word_1_148' title='bbox 1125 3259 1227 3317; x_wconf 81' lang='lat' dir='ltr'>erant</span> <span class='ocrx_word' id='word_1_149' title='bbox 1253 3241 1367 3320; x_wconf 80' lang='lat' dir='ltr'>multe</span> <span class='ocrx_word' id='word_1_150' title='bbox 1392 3249 1521 3322; x_wconf 80' lang='lat' dir='ltr'>Domus</span> <span class='ocrx_word' id='word_1_151' title='bbox 1540 3251 1738 3322; x_wconf 72' lang='lat' dir='ltr'>Fratrum.</span> 
     </span>
     <span class='ocr_line' id='line_1_23' title="bbox 608 3357 1871 3466; baseline -0.006 -18"><span class='ocrx_word' id='word_1_152' title='bbox 608 3365 673 3448; x_wconf 91' lang='lat' dir='ltr'>De</span> <span class='ocrx_word' id='word_1_153' title='bbox 698 3365 968 3446; x_wconf 80' lang='lat' dir='ltr'>Rondeuario:</span> <span class='ocrx_word' id='word_1_154' title='bbox 995 3365 1137 3448; x_wconf 88' lang='lat' dir='ltr'>Fratres</span> <span class='ocrx_word' id='word_1_155' title='bbox 1163 3367 1372 3464; x_wconf 75' lang='lat' dir='ltr'>sexdecim,</span> <span class='ocrx_word' id='word_1_156' title='bbox 1398 3369 1550 3447; x_wconf 89' lang='lat' dir='ltr'>Sorores</span> <span class='ocrx_word' id='word_1_157' title='bbox 1568 3371 1691 3466; x_wconf 87' lang='lat' dir='ltr'>duas,</span> <span class='ocrx_word' id='word_1_158' title='bbox 1718 3357 1871 3446; x_wconf 61' lang='lat' dir='ltr'>samono</span> 
     </span>
     <span class='ocr_line' id='line_1_24' title="bbox 511 3518 660 3577; baseline -0.034 0"><span class='ocrx_word' id='word_1_159' title='bbox 511 3518 660 3577; x_wconf 84' lang='lat' dir='ltr'>unum.</span> 
     </span>
     <span class='ocr_line' id='line_1_25' title="bbox 610 3599 1873 3716; baseline -0.003 -16"><span class='ocrx_word' id='word_1_160' title='bbox 610 3621 675 3700; x_wconf 93' lang='lat' dir='ltr'>De</span> <span class='ocrx_word' id='word_1_161' title='bbox 699 3619 798 3698; x_wconf 85' lang='lat' dir='ltr'>Vico</span> <span class='ocrx_word' id='word_1_162' title='bbox 823 3613 1025 3716; x_wconf 79' lang='lat' dir='ltr'>superiori:</span> <span class='ocrx_word' id='word_1_163' title='bbox 1058 3613 1200 3695; x_wconf 85' lang='lat' dir='ltr'>Fratres</span> <span class='ocrx_word' id='word_1_164' title='bbox 1223 3613 1519 3714; x_wconf 81' lang='lat' dir='ltr'>novemdecim,</span> <span class='ocrx_word' id='word_1_165' title='bbox 1553 3612 1685 3696; x_wconf 78' lang='lat' dir='ltr'>Soror·</span> <span class='ocrx_word' id='word_1_166' title='bbox 1710 3663 1723 3692; x_wconf 82' lang='lat'><strong>.</strong></span> <span class='ocrx_word' id='word_1_167' title='bbox 1746 3599 1873 3690; x_wconf 64' lang='lat' dir='ltr'>usffl</span> 
     </span>
     <span class='ocr_line' id='line_1_26' title="bbox 510 3771 1411 3856; baseline -0.007 -24"><span class='ocrx_word' id='word_1_168' title='bbox 510 3771 704 3856; x_wconf 79' lang='lat' dir='ltr'>quatuor.</span> <span class='ocrx_word' id='word_1_169' title='bbox 1408 3835 1411 3842; x_wconf 45' lang='grc'><strong>,</strong></span> 
     </span>
     <span class='ocr_line' id='line_1_27' title="bbox 616 3865 1871 3968; baseline -0.023 -13"><span class='ocrx_word' id='word_1_170' title='bbox 616 3875 682 3955; x_wconf 91' lang='lat' dir='ltr'>De</span> <span class='ocrx_word' id='word_1_171' title='bbox 696 3873 791 3950; x_wconf 87' lang='lat' dir='ltr'>Vico</span> <span class='ocrx_word' id='word_1_172' title='bbox 811 3869 1005 3950; x_wconf 85' lang='lat' dir='ltr'>inferiori:</span> <span class='ocrx_word' id='word_1_173' title='bbox 1028 3867 1172 3949; x_wconf 88' lang='lat' dir='ltr'>Fratres</span> <span class='ocrx_word' id='word_1_174' title='bbox 1189 3872 1299 3968; x_wconf 68' lang='lat' dir='ltr'>osto,</span> <span class='ocrx_word' id='word_1_175' title='bbox 1314 3873 1491 3950; x_wconf 88' lang='lat' dir='ltr'>Sororem</span> <span class='ocrx_word' id='word_1_176' title='bbox 1514 3895 1631 3948; x_wconf 86' lang='lat' dir='ltr'>unam</span> <span class='ocrx_word' id='word_1_177' title='bbox 1645 3865 1871 3966; x_wconf 77' lang='lat' dir='ltr'>,samaram</span> 
     </span>
     <span class='ocr_line' id='line_1_28' title="bbox 613 3991 1931 4095; baseline -0.015 -19"><span class='ocrx_word' id='word_1_178' title='bbox 613 3991 681 4095; x_wconf 83' lang='lat' dir='ltr'>De</span> <span class='ocrx_word' id='word_1_179' title='bbox 702 3995 844 4074; x_wconf 81' lang='lat' dir='ltr'>Zeno:</span> <span class='ocrx_word' id='word_1_180' title='bbox 864 3993 1008 4072; x_wconf 87' lang='lat' dir='ltr'>Fratres</span> <span class='ocrx_word' id='word_1_181' title='bbox 1034 3995 1119 4090; x_wconf 80' lang='lat' dir='ltr'>sex,</span> <span class='ocrx_word' id='word_1_182' title='bbox 1144 3997 1296 4074; x_wconf 89' lang='lat' dir='ltr'>Sorores</span> <span class='ocrx_word' id='word_1_183' title='bbox 1319 3997 1521 4091; x_wconf 85' lang='lat' dir='ltr'>undecim,</span> <span class='ocrx_word' id='word_1_184' title='bbox 1544 3991 1707 4075; x_wconf 78' lang='lat' dir='ltr'>famulos</span> <span class='ocrx_word' id='word_1_185' title='bbox 1725 3991 1824 4066; x_wconf 83' lang='lat' dir='ltr'>duos.</span> <span class='ocrx_word' id='word_1_186' title='bbox 1880 4001 1884 4012; x_wconf 80' lang='grc'><em>’</em></span> <span class='ocrx_word' id='word_1_187' title='bbox 1930 3998 1931 4024; x_wconf 65' lang='lat'>¹</span> 
     </span>
     <span class='ocr_line' id='line_1_29' title="bbox 611 4105 1930 4226; baseline -0.011 -25"><span class='ocrx_word' id='word_1_188' title='bbox 611 4121 677 4201; x_wconf 91' lang='lat' dir='ltr'>De</span> <span class='ocrx_word' id='word_1_189' title='bbox 703 4119 855 4220; x_wconf 87' lang='lat' dir='ltr'>Oigiato</span> <span class='ocrx_word' id='word_1_190' title='bbox 882 4123 921 4198; x_wconf 85' lang='lat' dir='ltr'>in</span> <span class='ocrx_word' id='word_1_191' title='bbox 949 4121 1133 4200; x_wconf 82' lang='lat' dir='ltr'>Diaerefi:</span> <span class='ocrx_word' id='word_1_192' title='bbox 1156 4121 1300 4200; x_wconf 86' lang='lat' dir='ltr'>Fratres</span> <span class='ocrx_word' id='word_1_193' title='bbox 1323 4143 1512 4223; x_wconf 84' lang='lat' dir='ltr'>quatuor,</span> <span class='ocrx_word' id='word_1_194' title='bbox 1537 4121 1620 4200; x_wconf 76' lang='lat' dir='ltr'>Sor.</span> <span class='ocrx_word' id='word_1_195' title='bbox 1643 4119 1813 4226; x_wconf 79' lang='lat' dir='ltr'>quiaque·</span> <span class='ocrx_word' id='word_1_196' title='bbox 1929 4105 1930 4169; x_wconf 58' lang='lat' dir='ltr'>i</span> 
     </span>
     <span class='ocr_line' id='line_1_30' title="bbox 617 4225 1929 4344; baseline -0.002 -20"><span class='ocrx_word' id='word_1_197' title='bbox 617 4243 683 4325; x_wconf 91' lang='lat' dir='ltr'>De</span> <span class='ocrx_word' id='word_1_198' title='bbox 707 4246 928 4326; x_wconf 82' lang='lat' dir='ltr'>Tremelio:</span> <span class='ocrx_word' id='word_1_199' title='bbox 956 4245 1095 4324; x_wconf 78' lang='lat' dir='ltr'>Fratres</span> <span class='ocrx_word' id='word_1_200' title='bbox 1122 4249 1205 4344; x_wconf 81' lang='lat' dir='ltr'>ser,</span> <span class='ocrx_word' id='word_1_201' title='bbox 1232 4249 1360 4324; x_wconf 80' lang='lat' dir='ltr'>Soror.</span> <span class='ocrx_word' id='word_1_202' title='bbox 1384 4247 1609 4324; x_wconf 77' lang='lat' dir='ltr'>duodecim.</span> <span class='ocrx_word' id='word_1_203' title='bbox 1928 4225 1929 4313; x_wconf 72' lang='lat' dir='ltr'>i</span> 
     </span>
     <span class='ocr_line' id='line_1_31' title="bbox 614 4367 1928 4472; baseline -0.002 -21"><span class='ocrx_word' id='word_1_204' title='bbox 614 4371 682 4451; x_wconf 87' lang='lat' dir='ltr'>De</span> <span class='ocrx_word' id='word_1_205' title='bbox 709 4379 908 4453; x_wconf 82' lang='lat' dir='ltr'>Adevena:</span> <span class='ocrx_word' id='word_1_206' title='bbox 937 4375 1078 4452; x_wconf 86' lang='lat' dir='ltr'>Fratres</span> <span class='ocrx_word' id='word_1_207' title='bbox 1099 4383 1288 4472; x_wconf 83' lang='lat' dir='ltr'>quinque.</span> <span class='ocrx_word' id='word_1_208' title='bbox 1927 4367 1928 4457; x_wconf 74' lang='lat' dir='ltr'>i</span> 
     </span>
     <span class='ocr_line' id='line_1_32' title="bbox 612 4483 1927 4598; baseline -0.002 -23"><span class='ocrx_word' id='word_1_209' title='bbox 612 4496 679 4576; x_wconf 93' lang='lat' dir='ltr'>De</span> <span class='ocrx_word' id='word_1_210' title='bbox 704 4497 741 4574; x_wconf 92' lang='lat' dir='ltr'>S.</span> <span class='ocrx_word' id='word_1_211' title='bbox 768 4497 977 4597; x_wconf 85' lang='lat' dir='ltr'>Gregorio:</span> <span class='ocrx_word' id='word_1_212' title='bbox 1004 4497 1145 4578; x_wconf 82' lang='lat' dir='ltr'>Fratres</span> <span class='ocrx_word' id='word_1_213' title='bbox 1169 4497 1256 4594; x_wconf 81' lang='lat' dir='ltr'>sex,</span> <span class='ocrx_word' id='word_1_214' title='bbox 1283 4495 1438 4578; x_wconf 89' lang='lat' dir='ltr'>Sorores</span> <span class='ocrx_word' id='word_1_215' title='bbox 1463 4497 1625 4598; x_wconf 80' lang='lat' dir='ltr'>septem.</span> <span class='ocrx_word' id='word_1_216' title='bbox 1926 4483 1927 4490; x_wconf 11' lang='grc' dir='ltr'><strong><em>Ν</em></strong></span> 
     </span>
    </p>
   </div>
   <div class='ocr_carea' id='block_1_2' title="bbox 609 4615 1926 4810">
    <p class='ocr_par' dir='ltr' id='par_1_2' title="bbox 609 4599 1926 4810">
     <span class='ocr_line' id='line_1_33' title="bbox 609 4615 1926 4810; baseline 0.011 -111"><span class='ocrx_word' id='word_1_217' title='bbox 609 4617 675 4702; x_wconf 87' lang='lat' dir='ltr'>De</span> <span class='ocrx_word' id='word_1_218' title='bbox 698 4615 915 4704; x_wconf 82' lang='lat' dir='ltr'>Domafio:</span> <span class='ocrx_word' id='word_1_219' title='bbox 942 4625 1087 4705; x_wconf 84' lang='lat' dir='ltr'>Fratres</span> <span class='ocrx_word' id='word_1_220' title='bbox 1110 4627 1298 4726; x_wconf 83' lang='lat' dir='ltr'>quiaque,</span> <span class='ocrx_word' id='word_1_221' title='bbox 1324 4621 1502 4702; x_wconf 89' lang='lat' dir='ltr'>Sororem</span> <span class='ocrx_word' id='word_1_222' title='bbox 1525 4643 1665 4700; x_wconf 79' lang='lat' dir='ltr'>unam·</span> <span class='ocrx_word' id='word_1_223' title='bbox 1776 4725 1832 4810; x_wconf 55' lang='lat' dir='ltr'>De</span> <span class='ocrx_word' id='word_1_224' title='bbox 1924 4617 1926 4746; x_wconf 77' lang='grc' dir='ltr'>Ι</span> 
     </span>
    </p>
   </div>
   <div class='ocr_carea' id='block_1_3' title="bbox 0 0 1997 6228">
    <p class='ocr_par' dir='ltr' id='par_1_3' title="bbox 0 0 1997 6228">
     <span class='ocr_line' id='line_1_34' title="bbox 0 0 1997 6228; baseline 0 0"><span class='ocrx_word' id='word_1_225' title='bbox 0 0 1997 6228; x_wconf 95' lang='lat' dir='ltr'> </span> 
     </span>
    </p>
   </div>
  </div>
 </body>
</html>
