4100 5500
295 561 296 568 ‘
394 561 1420 662 tuGaurpsattsnsCnstrsrrsanrse.
1486 559 1555 672 143

196 697 380 782 tanquam
407 683 620 768 infamis&
647 694 790 773 rebellis
813 697 993 798 Ordinis,
1019 708 1064 780 ad
1088 705 1325 786 Praelaturarn
1350 705 1512 805 aliquant
1542 695 1603 774 seu

191 805 415 902 ,Prioratum
439 817 495 890 vel
517 817 763 898 Canevariatn
788 829 986 904 autetiam
1004 827 1248 914 Mersatinnis
1259 827 1436 910 Officium
1451 844 1606 926 nequeat

194 941 413 1036 promoveri
427 967 438 1032 ;
464 941 521 1020 sed
548 946 593 1020 de
620 943 756 1024 Domo
781 956 1013 1050 expellatur,
1036 959 1084 1030 'ad
1110 955 1223 1054 ipsam
1244 955 1417 1054 deinceps
1441 957 1599 1032 minime

195 1067 431 1164 reversurus,
457 1089 507 1184 ut
523 1069 682 1152 habetur
710 1076 750 1152 in
778 1077 940 1164 Rnnrtca
963 1080 1010 1161 de
1036 1083 1156 1188 peanis
1181 1081 1450 1184 spiritualibus.
1567 1087 1573 1100 ”

271 1373 273 1378 ι
696 1283 748 1354 Dr
774 1280 913 1365 Libris..
937 1291 1020 1391 Cap.
1042 1291 1106 1376 JV,

189 1446 385 1626 leros
406 1449 455 1532 de
479 1448 587 1533 rebus
614 1451 767 1544 Densus
786 1463 866 1536 nnn
889 1461 1086 1562 arquilitns
1105 1460 1324 1564 Praepnfitus
1343 1467 1402 1542 vel
1424 1463 1602 1544 Praelatus

303 1587 504 1688 acquirenti
539 1590 716 1668 concedat
751 1592 797 1668 ad
835 1593 940 1672 usum
963 1651 983 1690 ,
1009 1593 1173 1696 sed‘pnll
1197 1591 1422 1698 ‘acquirentis
1452 1593 1599 1672 obitum
1709 1605 1714 1610 “

189 1705 343 1791 Domui
359 1769 372 1809 ,
391 1714 432 1792 in
454 1740 527 1816 qut
548 1714 686 1799 itterint
708 1720 900 1819 acquisrti,
919 1723 1182 1805 restituantur.
1205 1723 1431 1800 Indumenta
1449 1743 1598 1824 quoque

186 1833 484 1937 P-taepusrtotutn
510 1844 568 1916 sel
596 1844 707 1919 etiarn
729 1843 1001 1964 Subditntutn,
1025 1850 1087 1949 qui
1114 1847 1295 1926 decedunt
1321 1847 1362 1922 in
1388 1843 1596 1924 Conuentu
1685 1874 1687 1886 ¹

185 1963 270 2042 alio
294 1990 407 2066 quam
433 1969 475 2042 in
502 1965 604 2061 suo,
629 1963 870 2049 restituantur
893 1973 1114 2050 Conventui
1136 2028 1150 2069 ,
1175 1975 1214 2048 in
1243 1997 1320 2076 quo
1345 1969 1395 2046 est
1424 1967 1597 2068 profertur

182 2087 268 2188 post
293 2091 438 2171 obitum
458 2100 695 2192 eorundem,
720 2097 976 2198 illistexeeptis
994 2125 1075 2200 quae
1096 2099 1300 2200 acquifierit
1322 2100 1360 2172 in
1383 2096 1593 2178 Conventu

130 2265 132 2268 -
180 2217 227 2294 in
242 2223 537 2325 quodeuixnrit,
553 2222 635 2329 quae
656 2233 699 2309 ad
723 2225 840 2328 ipsium
861 2226 1112 2312 Contentum
1132 2227 1363 2304 decernimus
1382 2225 1590 2321 pertinere.

181 2341 334 2434 Ftttres
358 2373 446 2424 vern
472 2349 573 2434 Laini
593 2355 709 2450 primi
734 2347 890 2428 Ordinis
922 2351 970 2428 de
995 2372 1124 2428 cetero
1151 2375 1230 2430 non
1259 2347 1422 2424 habeant
1448 2347 1593 2448 libros,

181 2465 256 2546 nisr
283 2467 462 2552 Plalteria
487 2491 635 2552 tantum
651 2501 663 2554 ε,
689 2475 754 2578 qui
781 2494 908 2554 tamen
935 2473 1077 2552 habent
1104 2498 1206 2554 nune
1231 2471 1445 2570 Brentaria,
1471 2476 1588 2560 tibere

179 2593 260 2696 ipsa
285 2617 416 2680 tenere
440 2595 601 2704 poffint.

627 2811 684 2883 De
706 2803 972 2882 trimanrilus.
997 2811 1081 2906 Cap.
1104 2809 1150 2880 tr.

218 2973 479 3078 Tinerantes,
502 2979 531 3059 fi
557 2981 670 3082 longe
694 2979 1004 3081 proficiscuntur,
1027 2981 1169 3056 litteras
1192 2975 1461 3058 testimoniales
1484 2979 1586 3063 Pru·

247 3107 452 3203 pnfirnr'nnn
478 3115 537 3188 vel
565 3109 986 3191 Ptaeiatotum'luutum
1015 3107 1147 3209 figittis
1179 3093 1352 3188 munitas¹
1368 3107 1489 3191 secum
1516 3091 1581 3188 de·

178 3229 329 3312 serant:
356 3261 445 3314 nam
472 3239 579 3332 illos,
603 3239 666 3338 qui
692 3239 780 3314 illas
802 3263 882 3314 non
911 3237 1136 3330 habuerint,
1157 3233 1382 3311 Conventus
1401 3237 1582 3331 recipere,

172 3364 223 3442 ad
247 3388 341 3461 quos
363 3365 666 3458 declinaverint,
692 3367 905 3442 nullatenus
928 3381 1163 3439 teneantur.
1197 3357 1337 3441 Nullus
1361 3386 1454 3460 ergo
1482 3360 1578 3438 Pra-

170 3477 314 3586 politus
336 3491 392 3564 vel
417 3486 595 3566 Pranlatus
618 3503 682 3562 aut
709 3488 803 3562 alius
826 3485 954 3562 Frater
976 3485 1134 3560 Ordinis
1168 3482 1283 3558 nnllri
1319 3483 1398 3561 fine
1425 3487 1578 3564 licentia

166 3609 336 3712 Domini
367 3610 534 3714 Magistri
557 3613 617 3688 vel
642 3609 877 3688 vicariorum
901 3613 1149 3690 Generaliurn
1175 3609 1319 3709 speciali
1341 3665 1356 3704 ,
1380 3615 1418 3690 dt
1446 3615 1579 3690 litteris

169 3741 281 3820 vadat
305 3744 350 3819 ad
373 3741 531 3824 Curiam
557 3733 723 3815 Don'tini
744 3737 887 3834 Papae,
916 3737 982 3814 ¹sed
1018 3763 1088 3812 nec
1121 3737 1165 3814 ad
1203 3735 1423 3816 Dominum
1450 3739 1578 3838 Magi.

165 3871 287 3952 sssum
314 3869 447 3968 aliquis
465 3865 644 3948 Subdirns
667 3865 747 3970 line
763 3865 913 3968 licentia
932 3869 972 3945 dc
992 3867 1124 3943 litteris
1146 3867 1384 3970 Vinaripruna
1408 3870 1465 3944 vel
1492 3867 1576 3944 ltro.

168 4028 263 4080 runt.
284 3993 598 4095 prepositorum.
618 3996 789 4076 Caseant
815 4015 940 4074 autent
967 3993 1143 4094 finguli,
1170 4021 1220 4072 ne
1243 3995 1446 4093 aliquando
1471 3991 1572 4090 srgil·

162 4133 248 4210 ient
270 4149 427 4204 rantum
449 4109 1000 4224 pergamenum,antiirteras,
1016 4147 1117 4227 quas
1131 4143 1212 4196 non
1235 4119 1399 4196 uiderint
1422 4121 1478 4194 tel
1501 4117 1572 4217 legi

163 4256 383 4344 audierint.
414 4245 597 4348 ‘Hospites
618 4273 765 4350 qunque
788 4269 981 4342 caveant,
1014 4247 1206 4346 postquam
1232 4243 1405 4342 hospitati
1430 4239 1572 4322 fuerint

161 4383 208 4460 in
231 4379 427 4458 Dentibus
450 4371 615 4467 nnllris,
648 4399 696 4450 ne
722 4375 809 4449 inde
830 4391 971 4450 exeant
996 4369 1072 4448 line
1097 4372 1249 4484 lieentia
1277 4369 1567 4470 Praepofitorum

165 4511 229 4586 vel
256 4505 497 4586 praelatorum
524 4497 682 4598 ipsarum
710 4495 964 4576 Domnrum.
1004 4496 1329 4576 Contrafacientes
1360 4501 1571 4598 puniantur

157 4655 206 4714 ut
229 4634 272 4713 in
297 4629 459 4714 Raurica
482 4625 533 4706 de
556 4624 676 4724 poenis
697 4625 820 4724 culpa,
840 4625 993 4726 gravis.
1030 4608 1292 4728 Humanitatis
1323 4621 1470 4714 servitia
1496 4627 1571 4704 int·
1685 4647 1687 4650 ·

1414 4774 1526 4846 pen.
