4100 5500
1354 487 1374 526 N

322 709 326 718 ,
500 649 569 704 112
658 627 1107 706 Hunrrtraronou
1145 625 1644 707 consenuerant
1822 731 1825 738 .

448 757 705 855 Magistri,⁷&
730 759 894 857 Capituli
921 758 1140 838 Generalis.
1167 759 1241 836 Sed
1266 781 1332 832 nec
1350 753 1550 854 Coniugati
1579 746 1743 853 profiteri
1773 737 1858 846 pos·

453 887 525 965 srnt
553 877 735 964 Ordinem
766 885 959 980 nostrum,
989 885 1057 962 nifr
1083 905 1217 962 mutuo
1242 911 1369 962 coram
1397 881 1579 984 Episcopo
1603 878 1660 954 rel
1684 873 1763 967 ejus
1789 873 1857 951 vi-

455 1019 554 1092 cario
582 1009 818 1114 promiserint
844 1009 1070 1104 castitatem3
1095 1012 1238 1112 deque
1265 1012 1504 1112 promillrone
1529 1006 1671 1101 conflet
1700 1027 1762 1104 per
1789 1027 1857 1102 pu·

459 1141 597 1220 blitum
627 1136 949 1216 l'nslrnrnentum.
975 1134 1089 1233 Quod
1116 1136 1143 1214 fi
1171 1141 1386 1242 ignoranter
1412 1134 1546 1234 recepti
1571 1129 1743 1225 fuerint,
1768 1129 1861 1206 dunt

460 1270 653 1370 cognitum
676 1263 812 1363 fuerit,
838 1265 1053 1356 ejiciantur.
1079 1265 1200 1343 Nullo
1225 1287 1371 1366 quoque
1390 1264 1509 1342 modo
1530 1260 1627 1340 Puer
1648 1260 1776 1336 minor
1794 1279 1863 1333 an·

460 1424 596 1475 norum
622 1393 932 1498 quatuordecim,
969 1415 1037 1468 nec
1064 1391 1192 1469 Puella
1225 1393 1352 1467 minor
1382 1385 1579 1469 duodecim
1617 1386 1862 1482 recipiantur;

448 1553 579 1626 neque
607 1527 680 1601 nlla
706 1523 869 1596 omniuo
897 1517 1061 1613 Mulier,
1089 1518 1157 1596 nist
1185 1516 1288 1615 super
1314 1519 1426 1595 hoc
1415 1544 1454 1594 tn
1480 1515 1659 1596 Generali
1683 1511 1864 1610 Capitulo

458 1653 571 1733 suerit
603 1645 881 1774 dispensatum.
916 1645 1103 1746 Praepoliti
1138 1671 1224 1722 vero
1257 1649 1314 1723 vel
1349 1643 1527 1738 Praelati,
1561 1642 1625 1746 qui
1652 1641 1703 1715 ita
1729 1637 1861 1714 debitis

383 1851 387 1858 .
461 1804 522 1859 aut
558 1780 632 1854 alio
666 1765 879 1876 gravamine
918 1773 1003 1854 sunt
1037 1771 1222 1874 oppressa,
1257 1795 1298 1852 ut
1332 1773 1475 1851 Fratres
1500 1771 1583 1847 suos
1621 1791 1683 1865 per
1709 1767 1862 1844 Domus

463 1910 551 1981 alias
570 1903 773 2003 dispergere
793 1881 1085 1998 compellentur,
1109 1901 1273 2002 qnandiu
1300 1921 1501 1996 gravamen
1531 1895 1624 1972 illud
1651 1897 1864 1991 duraverit,

464 2031 664 2112 &Fratres
685 2027 767 2106 suos
790 2055 870 2106 non
894 2033 1172 2121 revocaverint,
1198 2031 1343 2104 nullum
1367 2027 1529 2104 omnino
1547 2024 1591 2100 in
1615 2022 1782 2102 Fratrem
1807 2049 1866 2103 re·
1947 2097 1952 2103 .

336 2189 340 2198 ’
401 2249 406 2256 ,
466 2163 583 2260 cipere
609 2160 783 2250 valeant,
812 2155 943 2231 necin
970 2151 1220 2252 familiarem,
1249 2155 1327 2233 nist,
1345 2157 1424 2234 talis
1443 2153 1529 2235 esset
1550 2151 1739 2248 Persona,
1762 2149 1867 2230 uode

322 2263 334 2286 ⁰
467 2284 581 2388 posset
591 2279 641 2380 ,ii
658 2306 735 2358 nnn
751 2283 990 2382 reciperetur,
1002 2285 1185 2360 damnum
1200 2303 1382 2381 magnum
1398 2287 1453 2374 rel
1468 2283 1680 2361 scandalum
1694 2280 1872 2359 suboriri.

465 2409 547 2489 Nec
580 2409 772 2509 recipiatur
806 2411 847 2486 in
874 2407 1018 2486 Ordine
1045 2405 1172 2485 nostro
1206 2407 1368 2486 Persona
1397 2409 1518 2509 aliqua
1544 2411 1776 2510 illegitima,
1808 2407 1873 2488 sed

470 2561 537 2617 nec
563 2539 693 2640 aliquis
720 2539 883 2617 famulus
909 2542 948 2616 in
977 2539 1094 2617 domo
1118 2539 1238 2640 aliqua
1263 2535 1327 2614 sub
1353 2523 1519 2616 mercede
1545 2539 1772 2635 conductus,
1801 2563 1871 2618 nec

470 2667 508 2744 in
535 2691 612 2743 una
638 2663 774 2742 Dorno
800 2659 1071 2758 dno'Fratres,
1098 2667 1155 2740 vel
1182 2665 1262 2740 dua
1289 2665 1474 2757 Sorores;
1509 2664 1602 2744 &cst
1630 2670 1761 2765 recepti
1790 2663 1871 2746 fue·

471 2791 547 2866 rint
571 2843 584 2884 ,
610 2791 692 2865 talis
718 2789 878 2885 receptio
904 2789 1044 2864 nullius
1071 2783 1257 2866 frrtnitatis
1283 2791 1442 2868 existere
1476 2787 1781 2872 contrafacientes
1807 2821 1875 2873 an·

474 2918 816 3020 tem-puniantur,
839 2935 881 2994 ut
911 2919 949 2992 in
979 2916 1139 2995 Robrica
1164 2917 1209 2994 de
1236 2921 1351 3016 poe'nis
1379 2917 1647 3018 suspenfronis.
1673 2919 1878 3022 Cupientes

469 3045 653 3125 etiamin
679 3041 825 3120 Ordine
860 3041 986 3120 nostro
1020 3026 1210 3119 Divinum
1238 3044 1503 3125 Cultumnon
1533 3049 1690 3146 minui,
1723 3048 1782 3128 sed
1810 3076 1879 3130 au·

475 3176 583 3276 geri,
619 3170 844 3265 statuimus,
878 3169 978 3269 quod
1005 3193 1139 3246 ornnes
1165 3169 1388 3248 Contentus
1414 3171 1558 3250 secundi
1585 3173 1776 3271 Ordinis,
1810 3175 1882 3276 qni

475 3301 563 3378 celo
586 3295 665 3380 Dei
688 3296 860 3391 accensa,
895 3295 1078 3376 Habitum
1107 3299 1144 3374 dc
1171 3295 1356 3394 Regulam
1385 3299 1493 3398 primi
1518 3297 1672 3398 Ordinis
1697 3299 1880 3382 assumere

480 3429 694 3522 voluerint,
720 3427 764 3502 dc
791 3421 956 3500 Domini
981 3420 1148 3520 Magistri
1176 3409 1322 3503 licentia
1351 3413 1463 3504 libere
1487 3431 1655 3506 valeant.
1683 3431 1724 3509 Si
1751 3451 1881 3509 autern

477 3554 591 3660 aliqui
614 3551 842 3636 Conventus
867 3547 1051 3626 Habitum
1079 3553 1116 3627 dc
1146 3561 1225 3626 non
1252 3549 1440 3648 Regulam
1478 3557 1586 3654 primi
1619 3539 1774 3634 Ordinis
1800 3583 1905 3637 rna..

478 3691 618 3769 luerint
643 3684 845 3776 assumere,
872 3675 1004 3778 polline
1028 3683 1067 3757 dc
1092 3668 1316 3755 debeantin
1341 3680 1415 3758 rita
1436 3677 1496 3758 sua
1520 3683 1559 3758 in
1584 3680 1728 3762 Habitu
1755 3683 1802 3764 lic
1829 3685 1886 3764 af·
1975 3749 1978 3752 .

479 3817 629 3916 sumpto
657 3829 894 3912 permanere,
920 3806 972 3882 ita
998 3823 1124 3879 tamen
1152 3803 1252 3902 qnod
1277 3808 1371 3884 alios
1390 3808 1587 3904 recipiendi
1612 3807 1681 3886 uifi
1698 3811 1747 3889 ad
1770 3815 1886 3912 p'ritni
2027 3897 2028 3934 ,

480 3941 636 4019 Ordinis
655 3929 914 4037 profeffionem
939 3931 1085 4005 nullam
1103 3927 1264 4005 habeant
1283 3926 1520 4011 facultatem.
1546 3937 1585 4014 Si
1600 3939 1781 4038 quievero
1794 3939 1885 4021 Fre.
2027 3959 2028 4054 p

347 4065 353 4078 ’
482 4089 537 4148 ter
573 4065 719 4144 fecundi
750 4057 904 4137 Ordinis
938 4057 983 4132 ad
1015 4055 1208 4133 aratorem
1245 4059 1358 4135 vitam
1393 4043 1551 4140 soluerit
1586 4063 1621 4143 se
1657 4065 1883 4168 transferre,
2027 4115 2028 4122 κ

482 4217 534 4270 ne
556 4211 715 4292 cogatur
740 4188 902 4284 accipere
934 4184 1075 4258 litteras
1108 4184 1328 4280 generales,
1364 4209 1432 4262 nec
1465 4189 1510 4264 ed
1544 4195 1662 4272 elium
1687 4195 1880 4280 Ordinem

362 4379 364 4388 ,
477 4326 708 4412 convolate,
728 4315 954 4415 adprimum
976 4307 1158 4388 Ordinem
1182 4314 1687 4422 recipiraleat&tranfire,
1713 4323 1883 4410 Domi„
2027 4261 2028 4402 i

483 4449 656 4553 Magistri
682 4441 830 4524 licentia
856 4441 970 4542 petita
995 4440 1124 4540 prius,
1151 4441 1188 4519 dt
1215 4435 1397 4520 obtenta
