4100 5500
538 563 607 637 tad
694 565 1713 659 HonrutasononsConsntsurtott‘as·

485 694 522 765 bt
552 689 726 784 probabili
764 694 992 770 necessetate.
1035 697 1293 778 Constituatur
1330 701 1508 803 siquidem
1538 700 1808 800 Loquntorium
1835 703 1880 778 in¹

398 853 401 858 ·
488 817 659 892 Clattllro
686 822 864 898 Sororum
889 821 1077 910 cujuslibet
1101 826 1278 920 Domus,
1307 830 1356 906 ita
1382 827 1544 904 clausum
1571 853 1616 904 ex
1643 851 1744 923 parte
1771 827 1874 901 Soro-

488 971 593 1036 turn,
619 967 658 1022 ut
681 947 872 1024 exilientes
894 953 930 1024 in
956 953 1032 1047 ipso
1057 955 1175 1030 uidere
1199 977 1277 1030 non·
1294 962 1438 1031 valeant
1459 959 1611 1032 Sorores
1633 957 1874 1048 ambulantes,

397 1057 405 1071 ’
491 1077 544 1144 rel
576 1073 1084 1172 laborantesin'Clanllro,
1113 1082 1168 1154 vel
1196 1105 1215 1153 e
1242 1079 1452 1170 eonvets03
1489 1087 1525 1158 dt
1561 1082 1601 1157 in
1636 1105 1746 1156 muro
1775 1079 1871 1178 ipsius

489 1199 710 1298 loquutorii
738 1202 889 1278 senellra
921 1200 1035 1276 ferrea
1064 1204 1110 1280 fic
1137 1205 1321 1281 condensa
1345 1229 1527 1304 ponatur,
1555 1229 1595 1284 ut
1622 1207 1726 1280 nulia
1749 1204 1876 1280 Mulier

499 1327 600 1423 pessrt
632 1332 716 1404 inde
747 1351 901 1402 manum
932 1331 1075 1402 mittere
1104 1334 1181 1403 ullo
1209 1335 1347 1406 modo.
1375 1330 1419 1406 ln
1443 1331 1578 1408 Domo
1601 1352 1689 1406 vero
1710 1331 1876 1406 Sororum

494 1455 639 1532 Fratres
669 1481 745 1530 non
777 1457 992 1532 habentium
1030 1456 1120 1532 stant
1147 1455 1310 1533 fenestrae
1336 1455 1494 1550 serrem,
1530 1481 1610 1532 uon
1646 1459 1804 1554 lignea,
1835 1456 1877 1528 ittt

494 1583 591 1678 quod
620 1585 716 1656 inter
744 1607 862 1656 unum
890 1579 1027 1658 ferrum
1054 1585 1092 1658 dt
1119 1583 1218 1656 aliud
1248 1605 1324 1654 non
1348 1581 1391 1657 stt
1410 1569 1580 1658 distantia
1607 1585 1706 1656 ultra
1732 1601 1874 1678 quatuor

456 1801 458 1806 ι
502 1709 637 1800 digitos
666 1707 702 1779 in
733 1707 852 1802 aliqua
883 1725 1009 1800 patte;
1034 1706 1077 1778 ad
1104 1730 1216 1802 quam
1244 1706 1439 1782 senestrant
1466 1706 1659 1782 Homines
1683 1705 1728 1780 de
1751 1702 1880 1778 licentia

468 1833 689 1930 ·Praeposrti
730 1837 783 1906 rel
823 1831 1001 1926 Fraelati,
1039 1857 1122 1908 cum
1157 1831 1280 1907 Fratre
1315 1835 1360 1908 ad
1395 1833 1468 1908 hoc
1494 1833 1673 1926 deputato
1708 1828 1880 1906 existentes

497 1962 543 2034 de
572 1955 691 2032 versus
723 1977 862 2052 partem
890 1957 1088 2049 Fratrum,
1116 1955 1279 2032 fimiliter
1299 1960 1337 2034 dt
1361 1959 1529 2033 mulieres
1551 1959 1652 2059 loqui
1681 1953 1805 2055 pollint
1823 1953 1879 2028 So-

499 2084 642 2160 roribus
668 2079 904 2158 existentibus
929 2079 966 2154 in
992 2077 1226 2178 Loquutorio
1246 2106 1266 2156 a
1288 2105 1386 2179 prtrte
1408 2083 1492 2158 sua.
1521 2082 1638 2158 Nulla
1662 2103 1804 2182 quoque
1823 2075 1880 2152 So·

499 2192 559 2286 ror
582 2229 726 2307 portam
751 2203 905 2306 ipsarum
922 2204 1105 2282 Sororum
1119 2205 1346 2304 egrediatur,
1368 2203 1427 2282 sed
1442 2204 1700 2284 subClausura
1722 2215 1879 2282 maneant

500 2359 695 2436 perpetua,
724 2335 821 2426 juxta
844 2330 1162 2410 constitutionem
1184 2331 1349 2409 Domini
1373 2333 1505 2432 Papae,
1532 2360 1597 2410 nec
1618 2333 1734 2434 aliqui
1757 2330 1878 2406 Fratres

500 2463 653 2542 Domos
678 2461 832 2559 ipsarum
856 2461 974 2560 aliqua
997 2461 1042 2538 de
1062 2458 1178 2560 caulsJt
1200 2461 1481 2556 ingrediantur,
1508 2460 1574 2536 nisr
1597 2486 1663 2560 per
1683 2459 1879 2538 Dominum

505 2589 755 2688 Magistrum,
783 2592 836 2662 vel
864 2588 939 2676 eins
967 2585 1158 2681 Vicarios,
1186 2589 1229 2662 ad
1257 2589 1330 2664 hoe
1351 2589 1512 2664 ordinati
1535 2587 1594 2664 seu
1616 2583 1792 2664 licentiati
1813 2579 1878 2658 fue·

499 2723 598 2794 rint.
625 2717 858 2794 Claudantur
886 2731 1010 2785 aurem
1034 2732 1109 2786 tam
1133 2733 1246 2809 portae
1268 2719 1305 2791 dt
1326 2715 1441 2810 ollia,
1468 2739 1579 2815 quam
1599 2711 1789 2804 senellrae,
1811 2729 1876 2806 quw

501 2843 586 2922 sunt
613 2844 709 2918 inter
735 2839 875 2914 Fratres
909 2842 945 2914 dt
981 2836 1167 2931 Sorores,
1199 2864 1283 2913 eum
1318 2840 1478 2914 claribus
1508 2843 1545 2918 dt
1573 2839 1758 2916 serraturis
1785 2831 1875 2910 omni

419 2957 423 2964 ⁸
504 2971 635 3061 noble,
663 2991 709 3044 ex
737 2985 833 3064 parte
861 2963 1056 3070 Fratrum,
1081 2967 1118 3040 dt
1143 2988 1187 3038 ett
1212 2985 1310 3060 parte
1334 2965 1539 3040 Sororum.
1567 2965 1724 3068 Sorores
1750 2978 1876 3064 quoque

500 3093 643 3174 Fratres
672 3088 955 3194 nonhabe-ntes
983 3111 1061 3160 non
1086 3111 1219 3166 exeant
1248 3087 1448 3180 Domum,
1473 3090 1556 3164 &ii
1581 3091 1624 3164 ad
1651 3116 1745 3189 quos
1768 3105 1877 3164 earum

504 3247 590 3300 eura
613 3219 793 3319 pertinet,
816 3213 862 3290 stc
882 3218 931 3290 eis
957 3216 995 3288 in
1019 3213 1194 3288 omnibns
1218 3212 1414 3288 necessariis
1437 3213 1649 3307 provideant
1668 3273 1679 3310 ,
1700 3238 1737 3292 ut
1756 3210 1880 3288 causant

507 3377 586 3430 uon
618 3347 776 3426 habeant
802 3347 1030 3420 eontrarium
1058 3341 1237 3418 faciendi.
1264 3341 1585 3420 Contrasacientes
1606 3321 1825 3445 puniantur,
1847 3349 1879 3424 ll

511 3483 551 3558 iu
579 3475 741 3556 Robrica
766 3473 812 3550 de
840 3469 957 3572 poenis
981 3475 1095 3566 culpae
1122 3469 1323 3566 gravioris.

909 3675 963 3746 De
988 3671 1149 3746 Scandalo
1172 3667 1338 3746 vitando.
1365 3673 1443 3768 Cap.
1471 3675 1511 3747 V.
1613 3757 1619 3770 ,

566 3849 782 3931 Candalum
811 3849 925 3924 vitare
949 3848 1169 3942 cupientes,
1207 3848 1491 3941 appellationem
1528 3849 1567 3924 in
1603 3849 1745 3928 Ordine
1775 3833 1881 3918 nossro

595 3977 702 4072 fieri,
731 3975 795 4054 sub
822 3975 1129 4052 interminatione
1153 3975 1415 4050 Anathematis
1436 3975 1628 4056 dillridlins
1649 3973 1885 4079 prohibemini

511 4129 596 4184 cunt
621 4131 699 4180 non
723 4104 931 4181 venerimus
949 4089 1203 4194 eontendere,
1229 4097 1286 4173 sed
1312 4102 1431 4195 potius
1452 4105 1578 4182 deliela
1598 4108 1797 4202 corrigere.
1821 4079 1884 4180 Qui
1977 4097 1978 4108 ’

511 4255 634 4309 autem
650 4231 729 4328 ltoc
749 4249 930 4304 attentare
952 4223 1239 4321 presumpserit,
1267 4244 1441 4322 tanquam
1468 4230 1681 4306 inobediens
1703 4223 1884 4318 judicetur,
1977 4201 1978 4244 ³

509 4363 548 4438 ἃ
578 4355 824 4432 nihilominus
848 4351 1058 4448 procedatur
1083 4352 1120 4422 in
1143 4350 1406 4424 runcationem
1430 4351 1591 4440 ejusdem
1614 4355 1802 4428 secundum
1823 4335 1886 4412 Re·

509 4489 634 4585 gulam
669 4487 707 4558 be
737 4475 893 4554 Ordinis
928 4472 1127 4578 Itrllittrta.
1167 4473 1211 4547 In
1250 4475 1381 4550 virtute
1416 4503 1561 4578 quoque
1594 4479 1746 4574 Spiritus
1778 4451 1884 4544 saneti
1976 4489 1977 4551 t

509 4615 549 4688 dt
576 4602 793 4684 obedientia
819 4599 1045 4698 precipimus
1071 4595 1228 4675 firmiter
1254 4599 1468 4694 observari,
1505 4624 1543 4682 ut
1576 4630 1626 4682 -ne
1651 4603 1729 4702 quis
1753 4587 1880 4667 causant

1711 4709 1842 4818 depost·
