3984 5502
421 574 1335 664 Annornrrourtssrtausrrasn.
1481 598 1530 674 49

187 681 479 782 apostoticarum
509 705 699 797 procedere
724 703 941 784 deberemus
975 707 1075 798 juxta
1109 709 1266 808 ipsarum
1300 705 1583 806 continentiam
1629 747 1632 756 .

44 876 46 896 ,
92 892 95 899 ⁴
178 815 216 891 dt
245 833 413 892 tenorem
438 872 448 896 .
474 821 554 900 Nos
583 827 694 922 igitur
721 833 884 908 volentes
913 837 1133 912 mandatum
1161 835 1414 933 Apostolicum
1444 830 1578 925 nobis,

43 968 44 986 *
177 955 219 1012 *η
245 943 514 1041 praemittitur,
541 953 579 1028 in
607 955 677 1030 bac
702 979 801 1052 parte
825 959 1034 1052 direfium,
1064 982 1104 1035 ut
1131 958 1382 1060 tenebamur,
1410 962 1448 1034 dt
1475 976 1577 1034 tene·

176 1087 286 1160 mur,
311 1072 440 1170 exequi
463 1094 694 1170 reverenter,
719 1081 771 1155 de·
786 1089 973 1160 contentis
995 1088 1034 1160 in
1055 1087 1157 1160 diiiis
1178 1085 1308 1160 litteris
1329 1081 1572 1179 Apostolicir,

171 1194 208 1270 dc
243 1215 376 1270 eorum
412 1198 689 1280 circumstantiis
724 1208 934 1303 univerfis,
968 1213 1185 1290 auttonme
1213 1205 1426 1312 Apostolica
1462 1209 1571 1284 nobis

167 1319 395 1418 commissa,
429 1345 468 1401 ut
497 1325 656 1426 superius
684 1333 733 1412 est
760 1335 1012 1432 premissum,
1052 1338 1089 1412 dt
1114 1359 1185 1436 qua
1210 1331 1489 1430 fungebamur,
1532 1339 1569 1415 ὅ(

165 1443 362 1544 fungimur
388 1455 426 1532 in
455 1454 523 1531 hac
549 1478 674 1554 parte,
703 1457 1010 1538 informationem
1035 1463 1236 1558 diligenter
1264 1459 1465 1562 recepimus
1491 1515 1503 1554 ,
1529 1465 1566 1540 bc

168 1575 252 1672 quia
282 1601 344 1672 per
372 1577 680 1694 infqrmationem
716 1587 925 1677 hujusmodi
962 1587 1068 1663 nobis
1104 1587 1247 1663 ridetur
1282 1585 1355 1660 hoe
1392 1579 1469 1660 fieri
1500 1585 1565 1662 de·

166 1698 278 1794 bere,
304 1706 343 1780 dc
370 1706 502 1783 iterato
530 1733 588 1805 per
616 1709 815 1802 Syndicum
842 1712 938 1787 difio
965 1713 1121 1786 nomine
1140 1733 1228 1785 cum
1250 1705 1421 1784 instantia
1447 1709 1567 1806 requi·

165 1825 248 1920 fiti,
268 1846 312 1905 ut
332 1829 469 1910 ditium
493 1833 711 1908 mandatum
736 1832 989 1932 Apostolicum
1007 1889 1018 1928 ,
1037 1834 1138 1923 juxta
1155 1829 1263 1928 ipsius
1283 1831 1559 1909 continentiam

166 1957 201 2030 dc
227 1971 434 2049 tenorem,
467 1958 595 2055 exequi
623 1961 773 2034 ulterius
797 1959 1065 2057 dignaremur,
1096 1955 1188 2030 dicia
1217 1953 1428 2030 auctoritate
1456 1953 1561 2051 Apo·

162 2075 314 2172 fiolica,
339 2084 376 2158 δι
398 2081 487 2156 alias
508 2084 614 2157 omni
640 2086 778 2178 modo,
804 2087 891 2180 ria,
914 2083 1017 2176 jure,
1042 2105 1082 2158 ac
1104 2079 1250 2174 forma,
1277 2081 1407 2179 quibus
1428 2082 1560 2156 meiius
1680 2088 1685 2098 '

160 2203 371 2301 poifurnus,
397 2207 601 2302 praedifiam
623 2207 990 2305 incorporationem,
1010 2207 1288 2298 annexiooem,
1311 2209 1350 2282 ds
1371 2208 1557 2282 unionem

157 2329 395 2426 hujusmodi,
421 2337 458 2412 dt
485 2335 553 2408 alia
581 2333 754 2432 praemissa
780 2335 1075 2428 confirmamus,
1102 2329 1306 2430 supplentes
1333 2331 1550 2408 aufiorirate

156 2455 369 2551 Apostolica
398 2459 613 2552 prodifios,
638 2463 675 2534 dt
703 2461 794 2532 aiios
821 2457 1068 2556 quoscumque
1093 2451 1287 2546 descetus,
1313 2453 1339 2530 fi
1365 2458 1425 2556 qui
1450 2453 1554 2532 forte'

155 2583 476 2660 intervenerintin
491 2583 650 2660 eisdem.
675 2583 894 2683 inquorum
918 2581 1172 2659 testimonium
1197 2575 1388 2679 pra-sentes
1409 2583 1549 2658 litteras
1667 2589 1669 2594 '

155 2707 231 2784 fieri
256 2705 436 2802 fecimus,
460 2715 498 2786 dt
524 2709 630 2807 sigilii
654 2708 794 2802 nostri,
818 2733 894 2804 quo
918 2707 1058 2782 utimur
1082 2707 1208 2803 vigore
1240 2701 1457 2800 apostoliea
1480 2703 1553 2782 Le·

154 2835 339 2930 gationis,
365 2832 587 2932 appeofione
614 2833 775 2910 muniri.
805 2831 949 2908 Datum
972 2835 1009 2908 dt
1032 2830 1150 2904 afiurn
1179 2830 1215 2901 in
1241 2827 1384 2919 Curia,
1410 2827 1450 2902 iu
1478 2848 1551 2928 qna

152 2961 196 3037 td
222 2960 375 3057 presens
400 2957 596 3038 refidentus
616 3013 633 3051 ,
656 2958 759 3048 juxta
784 2956 971 3056 Campum
995 2957 1170 3032 Sentium
1197 2950 1364 3030 Ecciefrae
1395 2949 1549 3034 Medio·

153 3081 311 3160 ianeofts
336 3088 390 3182 (4)
418 3083 483 3162 fub
508 3100 613 3158 anno
640 3079 853 3160 Natiuitatis
888 3079 1051 3156 Domini
1090 3083 1199 3174 1406.
1234 3079 1294 3154 die
1322 3103 1380 3156 22.
1410 3081 1548 3159 mensis

152 3204 345 3299 Odiobris,
369 3227 425 3306 ις.
446 3199 646 3284 ἰιιάἰᾶἰὸιιε
667 3203 867 3298 secundum
886 3192 1194 3278 consuetudinem
1213 3203 1369 3282 civitatis
1389 3211 1426 3284 ἃ
1448 3209 1544 3284 dioc.

153 3331 409 3410 Mediolanen.
437 3333 491 3428 (5)
520 3327 758 3408 pontificatus
793 3329 1049 3428 prenominati
1084 3326 1149 3404 SS.
1179 3329 1218 3404 io
1248 3329 1397 3408 Christo
1426 3329 1544 3412 Patris
1642 3399 1646 3406 .

153 3458 365 3540 &Domini
381 3459 518 3556 nostri,
540 3460 703 3540 Domini
718 3461 930 3540 innocentii
948 3461 1073 3538 divina
1086 3463 1314 3560 providentia
1330 3465 1434 3567 Papa
1446 3467 1538 3546 vti.

157 3613 259 3666 auno
285 3587 489 3687 fecundo,
848 3635 851 3645 =
947 3637 950 3646 .
1155 3685 1158 3692 ‚

247 3713 335 3810 Ego
361 3711 433 3812 Job
459 3717 504 3792 de
532 3711 648 3794 Testis
676 3711 771 3793 filius
796 3739 857 3816 qu.
885 3711 937 3792 D.
964 3711 1131 3792 Simonis
1158 3709 1262 3792 Civis
1288 3709 1540 3800 Mediolanen.

155 3837 314 3932 publicus
342 3837 552 3936 Apossoiica
580 3843 616 3919 dt
645 3839 830 3938 imperiali
859 3843 1073 3922 auctoritate
1100 3837 1304 3940 Notarius,
1331 3845 1541 3950 prefatique
1606 3939 1613 3956 ,

197 3967 296 4037 Tam.
325 3968 395 4038 m.
849 3965 889 4046 G
1371 3975 1490 4052 Reve-

152 4117 193 4187 (ι)
209 4117 313 4188 Carnpi
333 4115 423 4179 faustis
442 4119 553 4180 nornine
581 4121 734 4193 appellatur
753 4123 828 4184 ierus
900 4125 979 4198 regie
996 4121 1113 4196 Jotrtuis
1132 4129 1252 4189 Gaieatii
1276 4131 1456 4194 vicecomitis
1482 4153 1541 4198 rsa·

146 4259 150 4268 .
189 4213 300 4288 postire
318 4214 531 4288 birrtopoiiteui
550 4211 647 4288 rernpii
666 4219 825 4290 partiadia-
900 4219 1058 4293 gnificentia
1076 4225 1208 4294 tempium
1228 4227 1423 4290 edificantur„

181 4331 266 4383 cens,
285 4312 362 4382 cuius
381 4316 457 4372 vocis
475 4327 587 4384 etymon
599 4315 663 4376 inde
680 4317 765 4390 aliqui
774 4317 825 4376 du·
863 4315 904 4389 (ς)
926 4317 981 4376 iiic
998 4318 1084 4376 etiam
1102 4320 1229 4382 ridemus
1252 4326 1541 4408 Constantinopolita-

183 4429 268 4483 eunr,
295 4412 369 4485 quod
388 4409 427 4468 ibi
445 4409 513 4469 oiim
539 4412 603 4470 effer
622 4413 823 4488 Metropolim·
896 4433 961 4474 nam
991 4413 1176 4483 indumen
1205 4420 1346 4502 usurpari5
1373 4449 1436 4492 nans
1462 4451 1536 4504 atne

178 4529 245 4574 num
266 4511 292 4568 S.
312 4507 558 4584 MariaHiemriie
571 4515 727 4587 temptem,
744 4533 817 4577 sono
894 4513 1088 4582 nccccvt
1106 4519 1192 4588 Xtv.
1210 4525 1532 4610 iudidiocongruebat.

174 4607 478 4670 mcccnxxxvt.
495 4610 638 4684 excisum,
664 4629 696 4676 ιιι
716 4633 820 4678 noram
