4100 5500
537 595 608 664 126
693 587 1140 668 Hnurtratouuu
1179 591 1676 672 Constitutroues

486 717 617 812 plina.
652 717 891 794 Subditorttm
917 721 1067 792 animos
1094 723 1137 796 ad
1164 722 1384 818 ampliorem
1418 722 1664 796 reverentiam
1693 707 1869 811 Praepositi

489 843 648 936 proprii,
675 849 711 919 bt
738 847 895 938 gratiam
921 847 1066 920 intimae
1087 848 1127 920 in
1146 844 1300 922 Christo
1324 847 1533 922 diledlionis
1560 843 1761 920 inducant.
1787 839 1872 916 Nul-

489 971 567 1044 lum
596 993 720 1046 autern
749 972 956 1048 saecularem
984 973 1022 1046 in
1051 973 1176 1048 tellam
1205 974 1383 1071 recipiant
1411 995 1545 1052 contra
1570 971 1736 1070 aliquam
1765 963 1877 1044 Persu-

492 1129 581 1178 nam
610 1105 725 1184 nostri
754 1104 905 1182 Ordinis
934 1109 972 1180 in
999 1107 1183 1180 criminali
1203 1102 1345 1182 caussa:
1372 1106 1441 1182 Sed
1465 1129 1533 1180 nec
1556 1105 1600 1180 ad
1618 1102 1759 1180 didium
1778 1098 1880 1177 uultu

491 1229 586 1306 tellis
613 1234 754 1306 crimen
780 1234 933 1338 aliquod
971 1235 1008 1307 in
1047 1230 1224 1320 Capitulo
1257 1229 1444 1328 publicent
1474 1247 1610 1304 contra
1633 1225 1804 1304 Fratrem
1830 1226 1877 1298 vel

427 1404 430 1412 »
491 1359 667 1434 Sororem
684 1361 774 1434 illud
787 1362 928 1434 crimen
953 1357 1034 1454 ipsrs
1054 1355 1313 1434 visitatoribus
1328 1357 1594 1456 denegantem.
1617 1348 1731 1447 Qtorl
1754 1350 1878 1442 sicon-

494 1507 547 1560 tra
577 1486 673 1558 hanc
700 1481 861 1560 sormam
884 1483 1100 1560 Visrtatores
1122 1485 1292 1580 egerint,
1317 1507 1382 1580 per
1403 1481 1622 1558 Dominum
1639 1469 1881 1576 Magistrum,

498 1633 606 1709 prout
621 1611 828 1686 meruerint
844 1663 856 1703 ,
874 1612 1099 1707 puniantur.
1127 1607 1309 1684 Visrtandi
1329 1629 1419 1684 vero
1440 1607 1702 1686 Visrtatoribus
1723 1605 1884 1681 obedieu-

499 1761 553 1812 tes
585 1739 713 1812 devoti
745 1733 940 1828 exiliant,
976 1741 1012 1814 bt
1045 1755 1230 1835 quantum
1265 1757 1481 1833 poterunt,
1513 1738 1565 1811 ad«
1590 1733 1884 1813 emendationem

500 1863 655 1941 Domus
691 1860 760 1938 sua
795 1861 1029 1952 intendant,
1059 1879 1239 1960 tanquam
1273 1862 1461 1936 rationem
1494 1857 1680 1936 Domino
1704 1855 1885 1934 reddituri·

500 1989 621 2087 igitur
646 1991 687 2062 in
714 1989 877 2064 adventu
904 1983 1151 2062 Visrtatorum
1180 1983 1397 2082 Ptaeposrtus
1423 1983 1577 2062 lludiose
1599 1981 1748 2059 Fratres
1774 1983 1886 2058 admu-

500 2135 611 2206 ueat,
633 2132 736 2211 roget
759 2117 795 2188 dc
818 2111 1022 2208 precipiat,
1047 2129 1092 2184 ut
1118 2105 1273 2186 stdelitcr
1291 2113 1329 2188 bt
1351 2107 1588 2200 fiducialiter,
1608 2107 1756 2206 publice
1775 2103 1886 2206 &pri-

498 2244 615 2318 vatim
636 2295 652 2332 ,
675 2259 786 2338 prout
810 2239 947 2315 melius
970 2233 1182 2344 iaciendum
1205 2235 1495 2329 intellexerint,
1529 2235 1733 2336 suggerant
1755 2241 1886 2332 &pto-

499 2389 646 2469 ponant
667 2389 753 2466 quac.
773 2365 948 2442 noverint
964 2363 1210 2460 configenda.
1239 2361 1381 2440 Caveat
1396 2361 1528 2442 autern
1546 2389 1595 2444 ne
1613 2370 1803 2444 ullatenus
1825 2363 1885 2438 hot

460 2578 462 2589 Ι
500 2495 677 2589 impediat
697 2490 937 2583 faciendum,
962 2491 1022 2564 vel
1046 2513 1169 2588 quum
1196 2481 1468 2564 sediumluerit
1490 2515 1589 2588 agre
1619 2487 1739 2568 serat.
1764 2489 1886 2570 Caveat

376 2625 380 2632 '
499 2618 751 2696 nihilominus
775 2641 821 2693 ne
841 2620 882 2692 in
905 2616 1094 2720 prasentia
1109 2614 1377 2706 Visrtatorutn‚
1396 2618 1455 2690 vel
1476 2615 1552 2715 poll
1576 2617 1750 2696 recessum
1767 2636 1887 2694 cuturn

499 2749 692 2845 euicquam
721 2745 884 2842 aliquam
910 2739 1112 2816 vindistam
1142 2737 1308 2834 inseret,
1344 2763 1407 2818 aut
1432 2743 1700 2842 improperet,
1727 2743 1785 2822 seu
1810 2741 1889 2818 iudi·

502 2889 663 2967 guetur.
684 2863 795 2961 ¹Quin
813 2867 944 2940 immo
969 2865 995 2940 fi
1019 2868 1149 2942 minue
1166 2883 1274 2941 ⁴caute
1298 2867 1494 2965 minusque
1515 2869 1670 2948 discrete
1694 2869 1802 2949 suerit
1826 2868 1889 2971 quis

507 3001 719 3098 loquutus,
739 2993 903 3090 benigna
926 2992 1103 3072 facilitate
1128 2994 1178 3069 ad
1198 2989 1401 3068 confilium
1423 2991 1672 3072 Vifitatmurn
1695 3001 1889 3094 indulgeat·

473 3116 621 3220 'Quod
657 3120 683 3198 fi
717 3123 813 3198 hanc
842 3115 1008 3196 sormam
1039 3143 1121 3196 nou
1154 3119 1379 3197 servaverint
1404 3106 1623 3215 Visrtandi,
1657 3149 1784 3202 suram
1815 3122 1888 3202 Des

508 3251 544 3329 se
570 3249 734 3348 grauiter
754 3244 955 3346 culpabiles
981 3247 1186 3338 noverint,
1210 3241 1439 3324 &Domini
1462 3245 1631 3344 Magistri
1657 3247 1722 3328 seu
1741 3245 1887 3350 Capituli

511 3375 706 3454 Generalis
732 3367 1052 3450 animaduerfione
1085 3369 1324 3469 pledendus.
1359 3368 1574 3448 Visrtatorea
1606 3398 1731 3460 autem
1763 3377 1888 3480 quoties

508 3503 688 3580 accedunt
714 3502 762 3576 ad
785 3491 962 3576 Domum
985 3496 1144 3594 aliquam
1169 3491 1404 3572 Vifitationis
1423 3493 1563 3592 caulla,
1589 3501 1665 3578 huc
1688 3503 1889 3603 Capitulum

506 3630 555 3706 de
582 3622 807 3702 Vifitatiotte
835 3647 854 3698 a
882 3620 1060 3719 principio
1084 3600 1213 3719 usqu?
1224 3622 1270 3695 ad
1296 3619 1399 3696 hunc
1419 3623 1573 3717 locum,
1597 3627 1639 3703 in
1663 3635 1779 3727 pleno
1805 3629 1887 3704 illius
1985 3689 1986 3734 p

511 3752 668 3832 Domus
687 3745 903 3846 'Capitulo,
926 3766 1006 3822 tam
1030 3769 1081 3822 ex
1106 3766 1205 3840 parte
1230 3743 1429 3839 Fratrum,
1452 3773 1568 3847 quatu
1591 3777 1644 3830 err
1669 3779 1770 3854 parte
1791 3756 1890 3834 Soro-
1985 3739 1986 3804 ἶ

513 3903 599 3955 tum
622 3877 748 3973 legere
770 3891 995 3948 teneantur.
1022 3868 1340 3946 Contrasacientes
1367 3878 1592 3973 puniantur,
1618 3903 1658 3960 ut
1684 3885 1722 3958 iu
1743 3881 1888 3960 Rubriae

510 4008 561 4084 de
589 4005 703 4102 poenis
723 4005 843 4096 ‘culpa
869 3995 1012 4090 gravis.
1035 3992 1138 4068 vSane
1163 3993 1405 4094 'iuqu'ifitione
1432 3997 1521 4077 faur
1540 4005 1592 4082 de
1617 4005 1710 4084 statu
1729 4005 1890 4094 Domus,

513 4132 543 4210 fi
568 4155 652 4204 eam
676 4125 931 4202 'intellexerint
955 4120 1214 4195 immoderatis
1235 4121 1303 4196 esse
1320 4124 1451 4200 debitis
1471 4126 1703 4225 obligatam,
1731 4147 1888 4229 poterunt
1940 4123 1942 4131 ’

512 4263 685 4338 inducere
709 4246 850 4326 Fratres
878 4249 1184 4324 adsentiendum
1215 4247 1396 4340 mobilia,
1423 4255 1461 4326 'dt
1487 4254 1598 4328 etiam
1627 4258 1829 4336 immobilia
1851 4255 1889 4330 de

509 4381 695 4464 consensu
715 4377 879 4456 Domini
903 4365 1091 4470 Magistri,
1112 4373 1235 4448 'donec
1257 4371 1375 4448 debita
1397 4377 1642 4454 tolerabiliter
1660 4385 1890 4460 minuantur.

511 4513 694 4590 Potetunt
715 4525 866 4603 quoque
893 4497 1066 4592 Fratres,
1096 4501 1160 4598 qui
1193 4501 1235 4573 in
1265 4497 1401 4575 Domo
1423 4506 1570 4597 propria
1597 4529 1678 4581 non
1704 4509 1890 4586 habuerint

511 4637 740 4728 macellaria,
762 4649 911 4706 mutere
934 4627 985 4703 ad
1009 4628 1100 4703 alias
1126 4625 1306 4724 Domus,
1340 4653 1421 4728 qua
1444 4628 1574 4727 iuopia
1598 4629 1711 4710 srmili
1737 4659 1814 4710 uun
1840 4636 1885 4706 la·

1784 4758 1848 4836 bo·
