4076 5496
241 345 303 401 ’μῖιὲ
363 384 368 394 ·

259 403 301 450 ἡκ
365 403 387 441 l),

444 517 492 595 82
681 524 1130 604 Hourtrnrorturr
1164 520 1523 600 Mouuuunsn

401 643 534 722 servari
561 643 717 729 faciendi
745 652 1036 756 inviolabiliter:
1071 649 1372 726 Contradidkores
1402 666 1548 747 quoque
1580 631 1792 740 quoslibet,

394 773 433 846 dc
462 770 611 848 rebelles
639 777 682 851 td
711 777 746 853 id
775 775 1066 876 percensuram
1101 771 1386 850 Ecclesiasticsm
1408 826 1432 864 ,.
1452 776 1490 848 ἃ
1522 771 1594 846 aliu
1619 765 1706 858 juris
1734 785 1791 840 rc-

394 897 519 971 media
544 901 823 996 compellendi,
857 903 1034 978 invocato
1061 902 1108 978 ad
1134 900 1241 995 hoc,
1269 900 1296 977 st
1324 925 1414 998 opus
1440 897 1584 989 suerit,
1617 893 1790 983 eumilo,

393 1021 432 1096 dt
458 1015 583 1096 favore
610 1021 746 1102 brachii
771 1026 958 1104 secularis:
990 1027 1044 1102 Ac
1065 1029 1110 1102 de
1130 1049 1449 1127 quorumcumque
1470 1023 1701 1100 subditorum
1722 1043 1792 1096 no·

395 1139 555 1220 sirorum
579 1145 752 1244 delidis,
781 1155 821 1230 dr
845 1151 1042 1228 excellibus
1065 1152 1176 1228 ctiam
1201 1151 1440 1250 inquirendi,
1473 1153 1511 1227 dt
1543 1165 1673 1225 contra
1700 1169 1788 1240 eos,

396 1273 433 1348 dr
460 1269 620 1370 ipsorum
647 1277 852 1377 quemlibet
880 1299 956 1354 tom
983 1304 1045 1378 per
1071 1280 1372 1372 accusationem,
1405 1301 1519 1378 queant
1552 1299 1615 1376 per
1644 1276 1793 1354 denun-

392 1399 629 1494 ciationem,
663 1399 980 1503 inquisitionem,
1014 1409 1052 1482 dt
1076 1401 1238 1480 officium
1266 1401 1519 1502 procedendi,
1555 1407 1593 1480 dc
1627 1396 1795 1499 ipsorum

393 1523 646 1615 &cuiuslibet
673 1551 805 1604 eorum
832 1525 1012 1621 excessus,
1038 1534 1075 1607 ὅ(
1100 1531 1229 1606 delidia
1255 1527 1500 1626 corrigendi,
1527 1523 1725 1625 ipsosque,
1751 1527 1790 1604 dt

393 1673 525 1727 eorum
553 1653 755 1752 quemlibet
783 1677 849 1750 pro
874 1679 1005 1730 eorum
1028 1657 1188 1748 deliciis,
1214 1660 1252 1731 dc
1271 1653 1465 1734 excell'rbus
1482 1643 1796 1744 condemnandi,

395 1778 570 1872 puniendi
595 1831 606 1871 ,
630 1783 667 1855 de
697 1779 911 1872 multandi,
946 1805 987 1856 ac
1012 1778 1382 1870 condemnationes,
1409 1782 1571 1873 multas,
1599 1781 1638 1858 dc
1667 1800 1795 1876 peenas

394 1899 581 1997 inflictas,
606 1908 643 1983 dr
672 1905 891 2000 infligendas
918 1908 1065 2005 petendi
1089 1961 1101 1997 ‚
1126 1902 1332 1998 exigendi,
1359 1905 1588 2000 mitigandi,
1613 1910 1652 1984 dc
1677 1904 1794 1982 etiarn

394 2031 631 2106 continendi:
657 2029 703 2110 Et
729 2058 816 2124 eus,
842 2038 877 2110 dc
905 2058 1035 2108 corum
1062 2031 1238 2123 Do-rnos,
1265 2051 1342 2110 tana
1369 2033 1582 2130 incapite,
1608 2057 1720 2131 quarn
1748 2035 1792 2108 in

373 2153 571 2248 =membris
600 2151 801 2250 visitandi,
832 2163 871 2234 dr
897 2153 1126 2234 reformandi
1147 2210 1159 2249 ,
1196 2153 1287 2233 fi&
1313 2175 1498 2252 quaternus
1523 2155 1654 2232 rideris
1689 2182 1799 2253 expc-

396 2278 500 2372 dirc,
527 2305 595 2358 uec
617 2306 695 2358 non
719 2281 763 2358 ab
784 2281 937 2376 officiis,
965 2279 1236 2378 Praepofituris,
1264 2277 1494 2373 proratoris,
1519 2287 1557 2360 dr
1585 2281 1799 2382 Dignitati-

395 2405 493 2500 bus,
527 2431 570 2482 ac
595 2405 972 2484 administrationibus
1005 2405 1291 2508 quibuscumque
1324 2427 1399 2484 ram
1439 2427 1649 2506 perpetuo,
1681 2405 1794 2508 quarn

394 2533 438 2610 ad
466 2551 613 2629 tempus
646 2531 916 2623 interdicendi,
951 2531 1222 2627 suspendendi,
1258 2535 1460 2630 privandi,
1495 2537 1532 2612 dt
1568 2535 1793 2610 amovendis

396 2657 688 2754 Refignsriones
720 2677 867 2756 quoque
904 2675 982 2732 tam
1021 2653 1344 2753 Praeposrtorum,
1380 2681 1492 2755 quum
1533 2648 1794 2733 Ministrorum

395 2779 524 2878 sponte
553 2781 732 2876 resignare
753 2781 968 2888 ,volentium
998 2779 1225 2876 recipiendi,
1254 2783 1291 2858 dc
1316 2783 1362 2858 ad
1388 2782 1588 2860 electiones,
1611 2785 1659 2860 de
1687 2808 1787 2858 noro

395 2907 612 3004 procedendi
642 2883 840 2981 secundina
866 2899 1027 2978 formam
1054 2900 1166 2996 juris,
1192 2907 1230 2984 iit
1255 2901 1408 2988 Ordinis
1432 2903 1567 3003 prefati
1598 2906 1795 2984 institutae

394 3032 454 3106 Ac
477 3033 591 3108 etiarn
619 3031 845 3123 iconomos,
872 3032 909 3106 dt
937 3028 1192 3110 Procuratores
1219 3033 1260 3114 in
1295 3031 1488 3112 Dominus
1513 3035 1596 3114 diui
1625 3035 1808 3133 Ordinis,

397 3178 507 3254 prout
533 3155 641 3237 fuerit
668 3159 712 3234 de
739 3155 815 3244 iure
837 3207 850 3247 ,
874 3152 1154 3248 constituendi,
1181 3181 1222 3235 cc
1247 3158 1340 3236 aiios
1368 3155 1601 3253 iconomus,
1636 3166 1674 3240 de
1701 3161 1792 3238 Pro-

397 3307 582 3362 curatores
601 3283 821 3364 coniiirutos
841 3284 880 3358 iu
902 3281 1004 3358 diuis
1019 3279 1441 3360 Domibusrerocandi:
1459 3279 1675 3384 Omnesque
1698 3286 1794 3364 Prae·

399 3411 565 3511 positos,
586 3409 799 3502 Minillros,
825 3407 992 3501 Prstr‘es,
1019 3412 1055 3486 dt
1076 3407 1257 3500 Sorores,
1280 3433 1322 3482 nc
1340 3407 1511 3488 subditos
1535 3413 1637 3488 robis
1664 3439 1684 3490 s
1710 3417 1790 3514 qni·

397 3539 618 3637 buicumquc
638 3533 1060 3625 excommunicationis,
1087 3531 1352 3630 suspensionis,
1377 3541 1413 3616 dt
1436 3539 1613 3616 interdicti
1642 3539 1791 3616 senten.

396 3671 455 3744 tiis
477 3666 714 3758 absolvendi,
738 3669 773 3742 dr
794 3689 879 3740 cum
901 3664 953 3740 eis
973 3659 1073 3757 supet
1095 3661 1422 3758 irregularitatibus
1443 3667 1575 3742 exinde
1596 3670 1795 3744 contradis

397 3795 611 3868 rudioritare
641 3791 762 3864 nostra
790 3785 1066 3860 misericorditer
1093 3781 1349 3880 dispensandi,
1379 3811 1483 3884 prout
1504 3791 1548 3864 de
1576 3789 1653 3879 jure
1681 3790 1792 3868 fucrit

396 3923 633 3997 iaciendum:
660 3917 716 3990 nc
741 3911 898 4000 omnia,
923 3912 960 3984 dt
988 3907 1132 4002 srngula
1159 3909 1197 3981 in
1228 3913 1424 4006 praediilis‚
1451 3919 1488 3992 dc
1507 3917 1600 4018 circa
1629 3919 1791 4013 praedidi'a

397 4045 583 4138 faciendi,
608 4035 824 4144 qoqli‘acere
849 4033 1028 4134 poliemus
1043 4025 1060 4126 ,'
1080 4031 1105 4108 sr
1129 4031 1395 4132 praesentialiter
1417 4037 1636 4136 adessemus,
1665 4065 1797 4122 tenore

396 4175 629 4276 praeicntium
652 4165 887 4246 concedimus
911 4158 1148 4252 facultatem,
1176 4159 1386 4240 &liberum
1415 4163 1654 4258 potestatem:
1684 4169 1800 4264 Super

395 4299 527 4403 quibus
553 4291 729 4371 omnibus
751 4343 762 4380 ,
787 4291 824 4364 bt
852 4283 1000 4383 singuiis
1027 4284 1148 4362 abeis
1174 4285 1502 4382 dependentibus,
1529 4293 1802 4370 incidentibuss

398 4419 704 4526 emergentibus,
738 4417 774 4491 &
801 4413 980 4490 connexis
1008 4410 1169 4506 plenarie
1196 4410 1465 4488 committimus
1492 4415 1577 4492 Tibi
1607 4423 1700 4494 uices
1730 4445 1798 4494 no.

400 4513 516 4660 ulii,
535 4541 743 4638 universis,
760 4543 797 4618 dc
810 4535 964 4640 singulis
978 4535 1142 4614 Subdiris
1165 4533 1526 4623 nolitisDomorurn
1547 4547 1803 4642 praedictarum

1676 4675 1768 4753 setis
