4076 5496
510 589 532 669 8
740 585 1187 678 transmeantis
1229 593 1589 674 Mououtnrrna

561 715 698 794 Chrilli
727 722 884 798 nomine
913 723 1119 816 invocato,
1154 725 1354 798 concordes
1391 746 1523 798 eorum
1554 711 1706 824 nemine
1732 715 1870 794 discor·

462 847 614 939 dante,
649 850 706 920 vel
733 849 1013 922 contradicente
1048 848 1343 928 deliberaverunt
1382 873 1450 946 pro
1479 849 1629 924 meliori
1659 846 1874 944 porrigere,

423 986 426 994 ’
461 973 518 1046 vel
546 972 680 1069 porrigi
709 969 826 1046 facere
854 996 1002 1068 preces,
1029 977 1066 1052 bt
1094 971 1376 1071 supplicationes
1404 973 1568 1071 ipsorum
1598 951 1642 1050 ad
1670 973 1877 1050 Venerabi-

462 1100 537 1182 iem
564 1103 743 1197 Patrem,
768 1107 805 1182 bt
830 1102 1304 1204 DominumMagillrunt
1328 1109 1581 1202 Generalem,
1601 1105 1880 1212 &diffinitores

354 1333 359 1342 Ι
462 1231 626 1330 Capituli
649 1231 880 1327 Generalis,
916 1236 1085 1333 proxime
1111 1231 1225 1312 futuri
1260 1238 1343 1312 elisii
1382 1237 1523 1312 ordinis
1552 1233 1696 1328 fiendi,
1734 1233 1796 1312 seu
1822 1232 1877 1312 fa·

462 1363 609 1456 ciendi,
635 1381 676 1436 ut
704 1363 818 1437 motis
844 1355 896 1436 est
922 1361 961 1435 in
984 1359 1084 1436 dieto
1105 1363 1261 1452 ordine,
1291 1387 1356 1458 pro
1381 1382 1482 1460 parte
1503 1363 1749 1460 predieiorum
1772 1383 1877 1436 cotn-

462 1491 616 1582 rnunis,
637 1491 675 1566 δι
697 1485 855 1585 Populi,
876 1485 1150 1578 universitatis,
1172 1489 1209 1564 bt
1231 1485 1408 1562 sotietatis
1427 1487 1473 1562 de
1493 1486 1603 1568 Ceuli
1625 1489 1670 1563 de
1690 1485 1863 1576 iamdisso

464 1613 699 1694 Monasterio
719 1613 794 1689 sive
813 1612 898 1688 loco
919 1613 1003 1688 dieti
1026 1613 1134 1706 primi
1160 1611 1302 1688 ordinis
1324 1609 1624 1688 Humiliatorum
1649 1609 1872 1706 statuendo,

465 1747 503 1823 dt
531 1741 717 1819 firmando
743 1741 782 1815 in
809 1739 907 1814 dieo
932 1735 1096 1831 Castro,
1130 1737 1202 1815 sive
1239 1738 1426 1816 territorio
1462 1737 1508 1814 de
1534 1736 1644 1816 Ceuli
1678 1763 1764 1816 curn
1793 1763 1875 1816 uno

467 1867 660 1968 Preposrto
673 1923 684 1961 ,
698 1873 734 1946 bt
754 1865 940 1944 Fratribus
960 1859 1311 1957 Conventualibus,
1337 1858 1536 1955 hedifitiis,
1559 1861 1878 1956 habitationibus,

467 2003 505 2076 δι
532 1993 689 2074 officinis
712 1990 1002 2070 condecentibus
1029 1992 1182 2068 ratione.
1202 1992 1322 2068 divini
1347 1992 1502 2082 cultus,
1537 2008 1577 2064 ut
1604 1985 1708 2085 supra
1734 1993 1874 2070 didlum

468 2109 566 2215 suit,
594 2144 662 2218 per
681 2117 842 2217 primuni
858 2174 871 2214 ,
890 2125 927 2198 dc
955 2123 995 2196 in
1024 2121 1146 2222 primo
1167 2117 1329 2213 capitulo
1342 2113 1521 2190 Generali
1549 2117 1717 2210 proxime
1743 2116 1873 2204 futuro

470 2245 621 2342 fiendo,
649 2247 709 2322 seu
739 2243 933 2340 faciendo,
958 2245 1033 2322 hoe
1057 2244 1272 2336 intellesto,
1301 2240 1452 2333 addito,
1479 2239 1752 2338 dt'declarato,
1777 2247 1881 2346 quod

470 2373 616 2478 presens
642 2374 873 2467 declaratio,
905 2375 944 2452 dt
977 2369 1193 2448 deliberatio
1228 2371 1471 2468 porrigendi,
1507 2372 1545 2450 dt
1579 2368 1736 2449 faciendi
1772 2374 1885 2452 distas

469 2525 603 2582 eorum
637 2525 757 2602 preces
793 2499 838 2576 ad
870 2497 1008 2574 dietum
1042 2493 1262 2574 Dominum
1297 2491 1553 2593 Magistrum,
1586 2499 1625 2573 dt
1658 2494 1882 2574 diffinitores

329 2605 333 2611 ¹
473 2631 549 2725 ianr
571 2632 656 2710 disti
687 2631 795 2728 primi
821 2623 985 2722 Capituli
1005 2623 1210 2733 ‘Generalis
1234 2621 1321 2698 diet
1348 2623 1502 2723 ordinis
1535 2623 1700 2721 proxime
1726 2622 1884 2704 secuturi

474 2753 614 2850 fiendi,
642 2756 702 2832 scu
729 2751 907 2842 faciendi,
933 2771 974 2826 ut
995 2751 1134 2824 diuum
1161 2747 1232 2842 esi,
1253 2747 1379 2824 locum
1410 2749 1542 2826 habeat
1566 2805 1577 2844 ,
1603 2755 1640 2831 δι
1668 2751 1885 2830 huiusmodi
2033 2725 2034 2755 ἓ

476 2885 630 2972 predicte
654 2905 798 2980 preces,
824 2881 861 2954 dt
883 2874 1180 2975 supplicationes
1199 2872 1359 2971 ipsorum
1385 2861 1460 2950 fieri
1486 2873 1645 2974 possint,
1670 2881 1708 2958 dt
1727 2877 1890 2954 debeant
2031 2909 2032 2984 ,

474 3011 680 3085 rationibus
706 3006 893 3104 medidie,
920 2999 972 3094 st,
1000 3003 1304 3098 &inquantum
1331 3000 1525 3096 contingat
1549 3001 1712 3082 Fratrem
1734 3005 1883 3084 Reoem

474 3135 705 3232 predidum,
729 3157 824 3210 nunc
846 3125 1079 3226 Prcposrtum
1103 3125 1279 3202 omnium
1302 3125 1521 3203 Sannorum
1543 3128 1782 3225 personaliter
1805 3157 1891 3231 per·-

409 3313 418 3322 ·
473 3290 559 3370 gete
578 3323 590 3364 ,
607 3271 654 3345 ‘dt
681 3261 849 3341 interesse
877 3267 923 3342 ad
952 3261 1066 3364 ipsum
1098 3261 1298 3362 predistunt
1329 3268 1491 3363 primurn
1518 3265 1706 3345 Generale
1728 3263 1886 3364 Capitu-
2028 3301 2029 3327 ι

475 3403 581 3492 lum,
607 3399 644 3472 dt
672 3396 775 3470 aliter
803 3417 905 3468 non.
932 3387 1085 3485 Insuper
1106 3415 1153 3466 ex
1176 3413 1275 3464 nunc
1300 3392 1552 3487 prenominati
1579 3389 1772 3469 Dominus
1792 3389 1884 3468 Pte.-

478 3523 650 3624 pofitus,
678 3525 725 3596 ’ἀ
752 3515 931 3612 Fratres,
965 3513 1218 3616 Capitulum,
1251 3522 1288 3594 dt
1323 3515 1545 3596 Conventus
1579 3519 1753 3596 omnium
1787 3517 1883 3600 San.
2025 3527 2027 3602 s

477 3655 620 3729 dorum
652 3647 759 3726 simul
786 3644 1007 3736 exilientes,
1034 3657 1074 3720 tlt
1096 3645 1233 3720 dissum
1257 3642 1332 3736 est,
1359 3665 1522 3720 execres
1544 3643 1717 3739 scientia,
1738 3651 1775 3728 dt
1798 3671 1883 3726 nott

476 3803 539 3881 per
566 3767 764 3866 errorem,
799 3791 841 3846 ut
869 3773 1058 3848 iamdidus
1084 3767 1228 3846 futurus
1262 3771 1473 3869 Propositus
1507 3771 1718 3858 statuendus
1746 3781 1784 3856 in
1815 3779 1888 3856 hu·
2023 3837 2024 3852 ι

482 3899 642 3996 jusmodi
670 3897 795 3978 futuro
824 3895 1080 4008 monasterio,
1110 3893 1181 3972 sire
1209 3899 1293 3972 loco
1318 3899 1401 3976 disti
1432 3899 1539 3996 primi
1566 3899 1722 3988 Ordinis
1749 3903 1890 3982 Humi·
2022 3943 2023 3948 ¹

477 4036 653 4112 liatorttm
681 4025 874 4106 statuendo
901 4021 940 4095 in
970 4020 1066 4096 dieto
1093 4019 1243 4115 castro,
1281 4023 1351 4100 stre
1378 4029 1566 4102 territorio
1593 4027 1639 4104 de
1666 4027 1812 4122 Ceuli,
1849 4030 1892 4106 itt
2021 4071 2022 4129 3

473 4158 635 4258 primo,
671 4118 902 4250 &proxime
936 4144 1065 4222 futuro
1090 4141 1267 4244 Capitulo
1303 4151 1385 4224 didi
1421 4148 1609 4248 Ordinis,
1650 4155 1687 4234 u
1724 4155 1893 4252 presente
2020 4229 2021 4244 Ν

477 4287 576 4362 dieto
602 4281 737 4359 Fratre
755 4278 892 4370 Bene,
925 4295 967 4350 ut
995 4268 1208 4370 prefertur,
1244 4259 1326 4351 curn
1356 4275 1421 4354 suo
1447 4276 1575 4356 futuro
1601 4277 1814 4378 Capitulo,
1850 4289 1889 4364 dt
2019 4319 2020 4359 ι

473 4408 681 4490 Conventu
710 4405 901 4499 habeant,
938 4401 1037 4476 unde
1072 4397 1106 4475 se
1134 4404 1229 4480 alere
1256 4401 1386 4502 possint
1415 4407 1560 4481 ratione
1592 4405 1711 4483 divini
1737 4412 1887 4510 cultus,
2018 4431 2019 4471 t

475 4541 514 4616 dt
543 4559 608 4635 pro
635 4550 839 4632 augmento
865 4531 949 4607 didi
975 4527 1144 4622 ordinis,
1169 4549 1209 4602 ut
1239 4529 1376 4604 didam
1405 4527 1480 4605 eil.
1620 4533 1626 4542 “
2016 4510 2018 4588 i

577 4657 716 4739 Christi
754 4655 912 4734 nornine
946 4657 1124 4766 inrorato
1156 4653 1428 4748 moruerunt,
1466 4653 1674 4755 urnula,
1706 4663 1745 4741 er
1780 4665 1889 4748 cau&

1710 4790 1831 4872 dona·
