4076 5496
442 593 1371 675 Anuorarroursusrtaasanarn·
1502 595 1550 668 41

201 713 344 790 moveri
373 719 490 795 valeat
520 741 646 797 eontra
674 725 954 818 prenominatos
979 721 1153 816 Triginta
1192 715 1327 802 Cives,
1368 725 1434 779 nec
1460 700 1603 796 aliquos

196 842 443 919 eorumdem.
484 839 574 920 Dat.
603 841 810 921 Mediolani
840 821 896 922 die
925 843 1027 920 XVI.
1067 841 1171 938 Junii
1201 825 1465 914 MCCCCIII.
1492 823 1601 902 Tho·

196 967 361 1043 maxius.
403 975 573 1070 Atergo:
611 971 807 1052 Nobili&
844 973 990 1072 Sapien.
1020 971 1114 1046 Viro
1149 963 1299 1040 Vicatio
1335 955 1484 1034 Provix.
1521 951 1599 1030 Co·

198 1097 325 1170 munis
351 1095 464 1171 noilri
494 1093 730 1172 Mediolani.
1086 1147 1091 1157 ·

399 1223 524 1317 Copia.
566 1219 750 1298 Dominis
776 1223 925 1300 Dueille
952 1225 989 1301 bt
1015 1220 1115 1299 Duci
1144 1214 1379 1296 Mediolani.

294 1345 522 1422 Serenissrmi
560 1371 600 1420 ae
634 1345 934 1426 Excellenrilsrmi
975 1342 1162 1443 Principes
1198 1347 1236 1422 dt
1263 1336 1427 1417 Domini
1456 1331 1594 1410 nostri.

192 1467 482 1548 Celfitudinibus
509 1469 630 1548 velitis
658 1471 851 1570 notlffico‚
876 1474 975 1575 quod
1000 1473 1045 1550 de
1071 1469 1226 1570 presenti
1248 1471 1438 1568 deputatus
1460 1459 1598 1538 fuerim

191 1617 255 1692 per
283 1593 472 1691 prelibatas
500 1591 793 1674 Dominationes
830 1599 958 1676 uestras
987 1627 1052 1700 pro
1079 1597 1249 1677 Officialii
1287 1595 1389 1692 super
1419 1579 1595 1667 Renova-

190 1721 295 1798 tione
321 1723 359 1796 &
376 1717 605 1816 'perfessione
632 1721 870 1798 Extimornm
897 1725 1068 1802 Civitatis
1096 1723 1301 1806 Mediolani
1332 1721 1368 1794 dt
1395 1713 1588 1801 nuestus,

189 1843 288 1918 olias,
319 1865 380 1938 pet
416 1865 478 1916 me
519 1847 786 1939 incoatorum,
819 1851 857 1924 ὅ(
892 1849 991 1948 quod
1030 1873 1095 1945 pro
1133 1843 1418 1940 compartitione
1455 1837 1589 1912 extimi

189 1968 303 2046 Porte
330 1969 437 2046 Nove
466 1973 618 2067 predidle
643 1973 814 2051 Civitatis
841 1995 1036 2073 occupatos
1064 1967 1173 2050 teneo
1200 1995 1240 2048 ac
1272 1969 1479 2058 detemptos
1506 1959 1592 2036 Tri·

188 2091 306 2195 ginta
322 2095 431 2172 Cives
456 2099 493 2172 de
521 2093 669 2171 lncolas
694 2099 785 2174 diue
814 2095 926 2175 vestre
959 2099 1135 2176 Civitatis
1171 2093 1369 2173 seeundum
1403 2085 1590 2178 Ordines,

180 2223 223 2296 dt
249 2215 423 2315 Capitula
455 2217 626 2296 Ciuitatis
658 2219 851 2317 jamdiste,
887 2223 1119 2324 habeantque
1155 2221 1389 2320 quamplures
1422 2238 1468 2289 ex
1508 2211 1592 2311 ipsrs

186 2341 304 2440 litigia
323 2343 367 2420 ’ἀ
392 2341 622 2444 questiones,
642 2346 772 2446 quibus
793 2350 985 2424 intendere
1011 2371 1088 2421 non
1114 2341 1263 2445 poliunt
1284 2341 1376 2417 dista
1394 2339 1439 2416 de
1459 2333 1592 2418 causas

186 2465 358 2568 fiantque.
386 2467 499 2545 etiam
537 2473 668 2547 dietim
707 2476 1015 2570 proclamationes
1040 2476 1085 2549 de
1118 2471 1229 2548 bonis
1262 2467 1473 2548 debitorum
1510 2469 1591 2540 suo.

185 2619 297 2687 rum,
323 2595 453 2694 quibus
488 2599 838 2694 proclamationibus
872 2625 1059 2700 opponere
1088 2617 1167 2676 non
1205 2593 1349 2695 possunt
1384 2591 1584 2669 seeundum

187 2723 335 2798 ordines
362 2721 596 2798 Statntorum
625 2727 661 2802 dt
688 2723 954 2802 Provixionum
977 2731 1068 2804 diste
1091 2727 1284 2816 Civitatis,
1307 2719 1450 2820 fintque
1471 2723 1588 2798 etiam

182 2850 415 2948 quamplures
441 2846 602 2946 ipsorum
631 2848 770 2926 Arbitri
798 2855 835 2929 dt
862 2851 1110 2928 Arbitratores
1139 2852 1179 2924 in
1206 2844 1355 2923 diversis
1382 2843 1588 2944 questioni„

184 3005 271 3074 nus,
299 2979 430 3078 quibus
456 2979 568 3058 etiam
587 2981 751 3057 -minime
778 2983 969 3060 intendere
997 2979 1168 3078 possunt,
1194 2976 1426 3076 habeantque
1451 2977 1590 3057 necelle

182 3109 380 3208 procedere
404 3107 449 3184 ad
472 3109 705 3188 elteuionen
732 3101 895 3186 alioruin
924 3105 990 3207 pro
1015 3109 1127 3186 Porta
1149 3105 1347 3198 Cumana,
1376 3103 1486 3182 Porta
1507 3102 1589 3184 Ro·

183 3253 318 3324 mana,
354 3235 391 3309 bt
430 3227 544 3308 Porta
580 3231 793 3308 Ticinenli.
834 3229 1066 3334 Quapropter
1103 3233 1312 3328 dignemini
1351 3257 1412 3330 per
1447 3233 1582 3314 ueslras

183 3357 342 3436 Litteras
369 3360 568 3454 mandare,
606 3362 705 3460 quod
740 3361 899 3437 durante
930 3363 1023 3436 dista
1050 3360 1361 3458 compressione,
1388 3361 1481 3436 dista
1507 3363 1580 3438 liti-

185 3487 244 3588 tqia
271 3487 308 3565 bt
335 3485 538 3586 questiones
565 3485 635 3561 lint
664 3483 828 3584 suspensa
854 3489 891 3564 &
919 3483 1082 3583 suspense
1109 3489 1146 3563 bt
1173 3487 1213 3561 in
1242 3479 1411 3580 suspenso
1436 3511 1583 3582 perma-

183 3635 325 3710 neant,
352 3612 563 3710 incipiendo
591 3636 611 3688 a
636 3613 693 3689 die
722 3609 862 3688 XXVI.
893 3603 1043 3688 menfis'
1063 3609 1154 3701 Maii
1194 3613 1360 3710 proxime
1397 3616 1585 3710 preteriti,

180 3765 249 3839 qua
288 3737 610 3836 inceptisuerunt
647 3735 813 3833 occupari
853 3739 890 3816 dt
929 3736 1116 3830 detineri,
1144 3737 1355 3830 inantea,
1392 3762 1432 3813 ae
1469 3741 1586 3816 etiam

181 3869 358 3944 mandare
386 3873 422 3946 dt
450 3865 645 3958 ordinare,
671 3864 769 3965 quod
798 3867 944 3943 nullum
974 3880 1116 3960 tempus
1150 3857 1274 3938 eurisse
1301 3864 1533 3962 intelligatur
1560 3891 1582 3943 a

176 3997 273 4072 disin
298 3995 357 4069 die
386 3995 584 4084 inantea,
613 4015 678 4068 nec
703 4011 822 4068 currat
853 3983 958 4086 ipsis,
989 4013 1055 4066 nec
1083 3987 1188 4064 alicui
1217 3988 1380 4086 ipsorum
1404 4011 1445 4067 ut
1473 3989 1577 4090 supra

178 4131 217 4207 iu
246 4123 594 4228 proclamationibus
620 4123 720 4202 sasiis
745 4127 782 4203 dt
818 4121 972 4213 fiendis,
1009 4125 1048 4198 u
1082 4119 1194 4194 etiam
1232 4119 1386 4197 arbitriis
1414 4126 1459 4202 bt
1487 4124 1584 4202 arbi.

184 4251 452 4350 trementisiq
489 4247 581 4346 ipsos
619 4249 678 4322 vel
714 4248 874 4346 aliquem
911 4243 1074 4344 ipsorum
1109 4239 1248 4336 saetis,
1282 4249 1319 4322 dt
1345 4249 1443 4346 qnod
1480 4251 1582 4327 idem

178 4381 334 4460 serretur
374 4379 453 4455 aliis
490 4375 682 4471 elligendis
723 4395 798 4468 pro·
823 4373 902 4448 aliis
937 4368 1093 4462 Portis,
1127 4369 1217 4446 dum
1258 4375 1295 4450 dt
1332 4377 1482 4472 quando
1518 4379 1578 4452 in·
1642 4379 1645 4386 “

182 4507 269 4586 clusr
307 4529 416 4584 erunt
456 4527 522 4602 pro
556 4496 698 4578 Extimi
735 4500 992 4597 compartione
1028 4499 1184 4576 alierum
1225 4497 1418 4576 Portarum
1455 4507 1573 4599 predi.

187 4642 354 4728 starum,
387 4635 443 4708 vel
479 4632 585 4718 ¹aliter
610 4626 827 4726 providere,
853 4644 963 4726 prout
997 4623 1181 4726 prelibatis
1215 4621 1456 4704 Serenillrmis
1491 4627 1580 4708 Do.

229 4767 333 4852 Tam.
361 4763 426 4834 HI.
895 4747 927 4828 Ρ
1457 4755 1526 4830 ms·

336 5045 535 5244 ,j-
