<?xml version="1.0" encoding="UTF-8"?>
<!DOCTYPE html PUBLIC "-//W3C//DTD XHTML 1.0 Transitional//EN"
    "http://www.w3.org/TR/xhtml1/DTD/xhtml1-transitional.dtd">
<html xmlns="http://www.w3.org/1999/xhtml" xml:lang="en" lang="en">
 <head>
  <title>
</title>
<meta http-equiv="Content-Type" content="text/html;charset=utf-8" />
  <meta name='ocr-system' content='tesseract 3.04.00' />
  <meta name='ocr-capabilities' content='ocr_page ocr_carea ocr_par ocr_line ocrx_word'/>
</head>
<body>
  <div class='ocr_page' id='page_1' title='image "./veterahumiliato00braigoog_0173.png"; bbox 0 0 4100 5500; ppageno 0'>
   <div class='ocr_carea' id='block_1_1' title="bbox 459 593 1860 1087">
    <p class='ocr_par' dir='ltr' id='par_1_1' title="bbox 459 593 1860 1087">
     <span class='ocr_line' id='line_1_1' title="bbox 505 593 1658 676; baseline 0.008 -13"><span class='ocrx_word' id='word_1_1' title='bbox 505 595 577 666; x_wconf 85' lang='lat'>162</span> <span class='ocrx_word' id='word_1_2' title='bbox 666 593 1658 676; x_wconf 76' lang='lat' dir='ltr'>Hauratatonnrtconstitutiones</span> 
     </span>
     <span class='ocr_line' id='line_1_2' title="bbox 461 711 1853 822; baseline 0.01 -35"><span class='ocrx_word' id='word_1_3' title='bbox 461 711 598 790; x_wconf 75' lang='lat' dir='ltr'>dilium</span> <span class='ocrx_word' id='word_1_4' title='bbox 616 742 814 800; x_wconf 89' lang='lat' dir='ltr'>numerum</span> <span class='ocrx_word' id='word_1_5' title='bbox 830 750 908 800; x_wconf 90' lang='lat' dir='ltr'>non</span> <span class='ocrx_word' id='word_1_6' title='bbox 923 728 1151 821; x_wconf 84' lang='lat' dir='ltr'>completum</span> <span class='ocrx_word' id='word_1_7' title='bbox 1163 778 1174 816; x_wconf 94' lang='lat'>,</span> <span class='ocrx_word' id='word_1_8' title='bbox 1186 742 1291 822; x_wconf 86' lang='lat' dir='ltr'>cogat</span> <span class='ocrx_word' id='word_1_9' title='bbox 1306 719 1544 818; x_wconf 73' lang='lat' dir='ltr'>Praepositum</span> <span class='ocrx_word' id='word_1_10' title='bbox 1559 722 1853 813; x_wconf 81' lang='lat' dir='ltr'>&amp;Contentum</span> 
     </span>
     <span class='ocr_line' id='line_1_3' title="bbox 459 829 1860 947; baseline 0.011 -34"><span class='ocrx_word' id='word_1_11' title='bbox 459 844 671 940; x_wconf 69' lang='lat' dir='ltr'>praedidum</span> <span class='ocrx_word' id='word_1_12' title='bbox 701 871 763 943; x_wconf 91' lang='lat' dir='ltr'>per</span> <span class='ocrx_word' id='word_1_13' title='bbox 797 849 978 925; x_wconf 89' lang='lat' dir='ltr'>notabiles</span> <span class='ocrx_word' id='word_1_14' title='bbox 1007 847 1181 947; x_wconf 79' lang='lat' dir='ltr'>processus</span> <span class='ocrx_word' id='word_1_15' title='bbox 1208 853 1244 927; x_wconf 81' lang='lat' dir='ltr'>dt</span> <span class='ocrx_word' id='word_1_16' title='bbox 1274 873 1397 946; x_wconf 74' lang='lat' dir='ltr'>poenas</span> <span class='ocrx_word' id='word_1_17' title='bbox 1420 869 1616 924; x_wconf 89' lang='lat' dir='ltr'>contentas</span> <span class='ocrx_word' id='word_1_18' title='bbox 1643 852 1681 926; x_wconf 94' lang='lat' dir='ltr'>in</span> <span class='ocrx_word' id='word_1_19' title='bbox 1712 829 1860 929; x_wconf 71' lang='lat' dir='ltr'>Consti·</span> 
     </span>
     <span class='ocr_line' id='line_1_4' title="bbox 462 973 1715 1087; baseline 0.005 -41"><span class='ocrx_word' id='word_1_20' title='bbox 462 973 608 1087; x_wconf 83' lang='lat' dir='ltr'>tutione</span> <span class='ocrx_word' id='word_1_21' title='bbox 635 973 679 1048; x_wconf 92' lang='lat' dir='ltr'>de</span> <span class='ocrx_word' id='word_1_22' title='bbox 707 974 860 1052; x_wconf 86' lang='lat' dir='ltr'>Clericis</span> <span class='ocrx_word' id='word_1_23' title='bbox 887 980 931 1052; x_wconf 91' lang='lat' dir='ltr'>ad</span> <span class='ocrx_word' id='word_1_24' title='bbox 959 978 1222 1076; x_wconf 90' lang='lat' dir='ltr'>complendum</span> <span class='ocrx_word' id='word_1_25' title='bbox 1252 998 1450 1050; x_wconf 88' lang='lat' dir='ltr'>numerum</span> <span class='ocrx_word' id='word_1_26' title='bbox 1478 976 1715 1072; x_wconf 64' lang='lat' dir='ltr'>pradidum.</span> 
     </span>
    </p>
   </div>
   <div class='ocr_carea' id='block_1_2' title="bbox 759 1175 1571 1280">
    <p class='ocr_par' dir='ltr' id='par_1_2' title="bbox 759 1175 1571 1280">
     <span class='ocr_line' id='line_1_5' title="bbox 759 1175 1571 1280; baseline -0.007 -26"><span class='ocrx_word' id='word_1_27' title='bbox 759 1181 904 1272; x_wconf 76' lang='lat' dir='ltr'>Caffatio</span> <span class='ocrx_word' id='word_1_28' title='bbox 918 1182 1114 1280; x_wconf 83' lang='lat' dir='ltr'>juramenti</span> <span class='ocrx_word' id='word_1_29' title='bbox 1139 1178 1176 1253; x_wconf 83' lang='lat' dir='ltr'>de</span> <span class='ocrx_word' id='word_1_30' title='bbox 1201 1175 1380 1252; x_wconf 72' lang='lat' dir='ltr'>elediione.</span> <span class='ocrx_word' id='word_1_31' title='bbox 1406 1182 1488 1276; x_wconf 83' lang='lat' dir='ltr'>Cap.</span> <span class='ocrx_word' id='word_1_32' title='bbox 1508 1179 1571 1252; x_wconf 80' lang='lat' dir='ltr'>JV.</span> 
     </span>
    </p>
   </div>
   <div class='ocr_carea' id='block_1_3' title="bbox 459 1345 1859 1522">
    <p class='ocr_par' dir='ltr' id='par_1_3' title="bbox 459 1345 1859 1522">
     <span class='ocr_line' id='line_1_6' title="bbox 459 1345 1859 1522; baseline 0.008 -100"><span class='ocrx_word' id='word_1_33' title='bbox 459 1345 595 1522; x_wconf 74' lang='lat' dir='ltr'>lTem</span> <span class='ocrx_word' id='word_1_34' title='bbox 621 1348 823 1428; x_wconf 83' lang='lat' dir='ltr'>definimus</span> <span class='ocrx_word' id='word_1_35' title='bbox 853 1355 933 1430; x_wconf 88' lang='lat' dir='ltr'>Nos</span> <span class='ocrx_word' id='word_1_36' title='bbox 961 1357 1111 1453; x_wconf 72' lang='lat' dir='ltr'>praediili</span> <span class='ocrx_word' id='word_1_37' title='bbox 1141 1353 1265 1430; x_wconf 82' lang='lat' dir='ltr'>Frater</span> <span class='ocrx_word' id='word_1_38' title='bbox 1286 1349 1441 1446; x_wconf 87' lang='lat' dir='ltr'>Jacobus</span> <span class='ocrx_word' id='word_1_39' title='bbox 1463 1351 1640 1448; x_wconf 87' lang='lat' dir='ltr'>Magiiler</span> <span class='ocrx_word' id='word_1_40' title='bbox 1660 1353 1859 1435; x_wconf 70' lang='lat' dir='ltr'>Generalis</span> 
     </span>
    </p>
   </div>
   <div class='ocr_carea' id='block_1_4' title="bbox 363 1480 1869 2336">
    <p class='ocr_par' dir='ltr' id='par_1_4' title="bbox 363 1480 1869 2336">
     <span class='ocr_line' id='line_1_7' title="bbox 523 1480 1862 1584; baseline 0.004 -29"><span class='ocrx_word' id='word_1_41' title='bbox 523 1501 563 1555; x_wconf 91' lang='lat' dir='ltr'>ut</span> <span class='ocrx_word' id='word_1_42' title='bbox 592 1480 720 1579; x_wconf 92' lang='lat' dir='ltr'>supra,</span> <span class='ocrx_word' id='word_1_43' title='bbox 747 1491 784 1566; x_wconf 73' lang='grc' dir='ltr'>ὅ(</span> <span class='ocrx_word' id='word_1_44' title='bbox 814 1487 1043 1564; x_wconf 84' lang='lat' dir='ltr'>Definitores</span> <span class='ocrx_word' id='word_1_45' title='bbox 1065 1485 1228 1584; x_wconf 80' lang='lat' dir='ltr'>Capituli</span> <span class='ocrx_word' id='word_1_46' title='bbox 1250 1483 1471 1574; x_wconf 75' lang='lat' dir='ltr'>Generalis,</span> <span class='ocrx_word' id='word_1_47' title='bbox 1498 1486 1621 1562; x_wconf 87' lang='lat' dir='ltr'>audita</span> <span class='ocrx_word' id='word_1_48' title='bbox 1645 1488 1683 1564; x_wconf 80' lang='lat' dir='ltr'>dt</span> <span class='ocrx_word' id='word_1_49' title='bbox 1702 1487 1862 1581; x_wconf 80' lang='lat' dir='ltr'>diligen·</span> 
     </span>
     <span class='ocr_line' id='line_1_8' title="bbox 464 1596 1861 1710; baseline 0.007 -32"><span class='ocrx_word' id='word_1_50' title='bbox 464 1620 519 1679; x_wconf 90' lang='lat' dir='ltr'>ter</span> <span class='ocrx_word' id='word_1_51' title='bbox 547 1611 755 1688; x_wconf 83' lang='lat' dir='ltr'>examinata</span> <span class='ocrx_word' id='word_1_52' title='bbox 784 1613 939 1710; x_wconf 89' lang='lat' dir='ltr'>quadam</span> <span class='ocrx_word' id='word_1_53' title='bbox 969 1609 1241 1708; x_wconf 77' lang='lat' dir='ltr'>fignificatione</span> <span class='ocrx_word' id='word_1_54' title='bbox 1269 1609 1375 1686; x_wconf 85' lang='lat' dir='ltr'>nobis</span> <span class='ocrx_word' id='word_1_55' title='bbox 1399 1605 1490 1686; x_wconf 66' lang='lat' dir='ltr'>faula</span> <span class='ocrx_word' id='word_1_56' title='bbox 1516 1635 1563 1685; x_wconf 85' lang='lat' dir='ltr'>ex</span> <span class='ocrx_word' id='word_1_57' title='bbox 1590 1631 1689 1706; x_wconf 86' lang='lat' dir='ltr'>parre</span> <span class='ocrx_word' id='word_1_58' title='bbox 1717 1596 1861 1688; x_wconf 77' lang='lat' dir='ltr'>Praelati</span> 
     </span>
     <span class='ocr_line' id='line_1_9' title="bbox 460 1729 1869 1828; baseline 0.001 -19"><span class='ocrx_word' id='word_1_59' title='bbox 460 1733 496 1809; x_wconf 77' lang='lat' dir='ltr'>dt</span> <span class='ocrx_word' id='word_1_60' title='bbox 528 1733 773 1828; x_wconf 88' lang='lat' dir='ltr'>plurimorum</span> <span class='ocrx_word' id='word_1_61' title='bbox 803 1733 973 1812; x_wconf 80' lang='lat' dir='ltr'>Fratrum</span> <span class='ocrx_word' id='word_1_62' title='bbox 999 1733 1152 1812; x_wconf 89' lang='lat' dir='ltr'>Domus</span> <span class='ocrx_word' id='word_1_63' title='bbox 1172 1736 1216 1810; x_wconf 91' lang='lat' dir='ltr'>de</span> <span class='ocrx_word' id='word_1_64' title='bbox 1237 1734 1434 1828; x_wconf 88' lang='lat' dir='ltr'>Glaxiate,</span> <span class='ocrx_word' id='word_1_65' title='bbox 1464 1735 1559 1809; x_wconf 85' lang='lat' dir='ltr'>inter&#39;</span> <span class='ocrx_word' id='word_1_66' title='bbox 1582 1753 1710 1810; x_wconf 80' lang='lat' dir='ltr'>caetera</span> <span class='ocrx_word' id='word_1_67' title='bbox 1741 1729 1869 1810; x_wconf 52' lang='lat' dir='ltr'>conti?</span> 
     </span>
     <span class='ocr_line' id='line_1_10' title="bbox 470 1855 1868 1962; baseline 0.002 -28"><span class='ocrx_word' id='word_1_68' title='bbox 470 1879 607 1954; x_wconf 89' lang='lat' dir='ltr'>nente,</span> <span class='ocrx_word' id='word_1_69' title='bbox 635 1866 733 1962; x_wconf 91' lang='lat' dir='ltr'>quod</span> <span class='ocrx_word' id='word_1_70' title='bbox 761 1893 895 1942; x_wconf 87' lang='lat' dir='ltr'>omnes</span> <span class='ocrx_word' id='word_1_71' title='bbox 921 1869 958 1943; x_wconf 83' lang='lat' dir='ltr'>dt</span> <span class='ocrx_word' id='word_1_72' title='bbox 986 1863 1120 1960; x_wconf 84' lang='lat' dir='ltr'>finguli</span> <span class='ocrx_word' id='word_1_73' title='bbox 1146 1861 1292 1938; x_wconf 79' lang='lat' dir='ltr'>Fratres</span> <span class='ocrx_word' id='word_1_74' title='bbox 1318 1855 1544 1936; x_wconf 82' lang='lat' dir='ltr'>Conventus</span> <span class='ocrx_word' id='word_1_75' title='bbox 1571 1859 1763 1954; x_wconf 88' lang='lat' dir='ltr'>ejusdem,</span> <span class='ocrx_word' id='word_1_76' title='bbox 1790 1885 1868 1937; x_wconf 90' lang='lat' dir='ltr'>uno</span> 
     </span>
     <span class='ocr_line' id='line_1_11' title="bbox 363 1966 1867 2090; baseline 0.007 -37"><span class='ocrx_word' id='word_1_77' title='bbox 363 2035 366 2044; x_wconf 57' lang='grc'>,</span> <span class='ocrx_word' id='word_1_78' title='bbox 469 1983 526 2056; x_wconf 82' lang='lat' dir='ltr'>rel</span> <span class='ocrx_word' id='word_1_79' title='bbox 558 1987 677 2077; x_wconf 91' lang='lat' dir='ltr'>paucis</span> <span class='ocrx_word' id='word_1_80' title='bbox 702 1991 884 2090; x_wconf 83' lang='lat' dir='ltr'>exceptis,</span> <span class='ocrx_word' id='word_1_81' title='bbox 912 1991 950 2064; x_wconf 93' lang='lat' dir='ltr'>in</span> <span class='ocrx_word' id='word_1_82' title='bbox 981 1985 1166 2084; x_wconf 75' lang='lat' dir='ltr'>prasentia</span> <span class='ocrx_word' id='word_1_83' title='bbox 1194 1966 1358 2060; x_wconf 88' lang='lat' dir='ltr'>Domini</span> <span class='ocrx_word' id='word_1_84' title='bbox 1382 1981 1515 2058; x_wconf 82' lang='lat' dir='ltr'>Fratris</span> <span class='ocrx_word' id='word_1_85' title='bbox 1540 1983 1736 2063; x_wconf 81' lang='lat' dir='ltr'>Guillelmi</span> <span class='ocrx_word' id='word_1_86' title='bbox 1762 1987 1867 2063; x_wconf 84' lang='lat' dir='ltr'>Fabae</span> 
     </span>
     <span class='ocr_line' id='line_1_12' title="bbox 464 2110 1861 2210; baseline 0.007 -28"><span class='ocrx_word' id='word_1_87' title='bbox 464 2123 554 2183; x_wconf 86' lang='lat' dir='ltr'>tunc</span> <span class='ocrx_word' id='word_1_88' title='bbox 583 2137 648 2205; x_wconf 90' lang='lat' dir='ltr'>pro</span> <span class='ocrx_word' id='word_1_89' title='bbox 676 2111 851 2210; x_wconf 82' lang='lat' dir='ltr'>Magistro</span> <span class='ocrx_word' id='word_1_90' title='bbox 879 2113 913 2188; x_wconf 92' lang='lat' dir='ltr'>se</span> <span class='ocrx_word' id='word_1_91' title='bbox 940 2112 1126 2208; x_wconf 86' lang='lat' dir='ltr'>gerentis,</span> <span class='ocrx_word' id='word_1_92' title='bbox 1152 2134 1270 2209; x_wconf 89' lang='lat' dir='ltr'>eoque</span> <span class='ocrx_word' id='word_1_93' title='bbox 1296 2110 1545 2205; x_wconf 82' lang='lat' dir='ltr'>approbante,</span> <span class='ocrx_word' id='word_1_94' title='bbox 1573 2110 1788 2200; x_wconf 84' lang='lat' dir='ltr'>iuraverunt</span> <span class='ocrx_word' id='word_1_95' title='bbox 1816 2115 1861 2192; x_wconf 84' lang='lat' dir='ltr'>ad</span> 
     </span>
     <span class='ocr_line' id='line_1_13' title="bbox 463 2233 1866 2336; baseline 0.004 -25"><span class='ocrx_word' id='word_1_96' title='bbox 463 2233 596 2312; x_wconf 74' lang='lat' dir='ltr'>sauata</span> <span class='ocrx_word' id='word_1_97' title='bbox 629 2235 705 2314; x_wconf 90' lang='lat' dir='ltr'>Dei</span> <span class='ocrx_word' id='word_1_98' title='bbox 730 2235 961 2334; x_wconf 85' lang='lat' dir='ltr'>Evangelia,</span> <span class='ocrx_word' id='word_1_99' title='bbox 987 2237 1225 2330; x_wconf 82' lang='lat' dir='ltr'>corporaliter</span> <span class='ocrx_word' id='word_1_100' title='bbox 1249 2235 1349 2309; x_wconf 74' lang='lat' dir='ltr'>radiis</span> <span class='ocrx_word' id='word_1_101' title='bbox 1369 2235 1585 2332; x_wconf 86' lang='lat' dir='ltr'>Scripturis,</span> <span class='ocrx_word' id='word_1_102' title='bbox 1611 2239 1709 2336; x_wconf 86' lang='lat' dir='ltr'>quod</span> <span class='ocrx_word' id='word_1_103' title='bbox 1733 2239 1779 2315; x_wconf 88' lang='lat' dir='ltr'>de</span> <span class='ocrx_word' id='word_1_104' title='bbox 1801 2265 1866 2316; x_wconf 80' lang='lat' dir='ltr'>ca·</span> 
     </span>
    </p>
   </div>
   <div class='ocr_carea' id='block_1_5' title="bbox 424 2355 2005 2462">
    <p class='ocr_par' dir='ltr' id='par_1_5' title="bbox 424 2355 2005 2462">
     <span class='ocr_line' id='line_1_14' title="bbox 424 2355 2005 2462; baseline 0 -24"><span class='ocrx_word' id='word_1_105' title='bbox 424 2449 430 2461; x_wconf 20' lang='lat' dir='ltr'>x</span> <span class='ocrx_word' id='word_1_106' title='bbox 462 2381 543 2438; x_wconf 92' lang='lat' dir='ltr'>tero</span> <span class='ocrx_word' id='word_1_107' title='bbox 571 2363 649 2440; x_wconf 84' lang='lat' dir='ltr'>non</span> <span class='ocrx_word' id='word_1_108' title='bbox 678 2365 814 2462; x_wconf 85' lang='lat' dir='ltr'>eligent</span> <span class='ocrx_word' id='word_1_109' title='bbox 842 2365 1001 2462; x_wconf 76' lang='lat' dir='ltr'>aliquem</span> <span class='ocrx_word' id='word_1_110' title='bbox 1030 2359 1226 2438; x_wconf 79' lang='lat' dir='ltr'>Praelarum</span> <span class='ocrx_word' id='word_1_111' title='bbox 1254 2355 1407 2435; x_wconf 91' lang='lat' dir='ltr'>Domus</span> <span class='ocrx_word' id='word_1_112' title='bbox 1439 2357 1599 2450; x_wconf 85' lang='lat' dir='ltr'>ejusdem</span> <span class='ocrx_word' id='word_1_113' title='bbox 1630 2364 1726 2438; x_wconf 90' lang='lat' dir='ltr'>ulrra</span> <span class='ocrx_word' id='word_1_114' title='bbox 1754 2363 1860 2440; x_wconf 90' lang='lat' dir='ltr'>bien·</span> <span class='ocrx_word' id='word_1_115' title='bbox 2004 2387 2005 2414; x_wconf 62' lang='lat'>¹</span> 
     </span>
    </p>
   </div>
   <div class='ocr_carea' id='block_1_6' title="bbox 456 2467 2005 3342">
    <p class='ocr_par' dir='ltr' id='par_1_6' title="bbox 456 2467 2005 3342">
     <span class='ocr_line' id='line_1_15' title="bbox 464 2467 2005 2588; baseline 0.005 -26"><span class='ocrx_word' id='word_1_116' title='bbox 464 2489 571 2563; x_wconf 89' lang='lat' dir='ltr'>nium</span> <span class='ocrx_word' id='word_1_117' title='bbox 600 2488 815 2566; x_wconf 85' lang='lat' dir='ltr'>succellrve:</span> <span class='ocrx_word' id='word_1_118' title='bbox 843 2488 947 2585; x_wconf 87' lang='lat' dir='ltr'>super</span> <span class='ocrx_word' id='word_1_119' title='bbox 974 2511 1050 2587; x_wconf 91' lang='lat' dir='ltr'>quo</span> <span class='ocrx_word' id='word_1_120' title='bbox 1078 2488 1263 2584; x_wconf 87' lang='lat' dir='ltr'>perierunt</span> <span class='ocrx_word' id='word_1_121' title='bbox 1292 2510 1353 2581; x_wconf 87' lang='lat' dir='ltr'>per</span> <span class='ocrx_word' id='word_1_122' title='bbox 1383 2511 1451 2560; x_wconf 89' lang='lat' dir='ltr'>nos</span> <span class='ocrx_word' id='word_1_123' title='bbox 1481 2489 1629 2564; x_wconf 86' lang='lat' dir='ltr'>cuilibet</span> <span class='ocrx_word' id='word_1_124' title='bbox 1656 2481 1876 2588; x_wconf 70' lang='lat' dir='ltr'>provideri,</span> <span class='ocrx_word' id='word_1_125' title='bbox 2004 2467 2005 2502; x_wconf 47' lang='lat'><em>³</em></span> 
     </span>
     <span class='ocr_line' id='line_1_16' title="bbox 456 2609 1857 2707; baseline 0.006 -23"><span class='ocrx_word' id='word_1_126' title='bbox 456 2631 497 2685; x_wconf 93' lang='lat' dir='ltr'>ut</span> <span class='ocrx_word' id='word_1_127' title='bbox 523 2611 620 2690; x_wconf 78' lang='lat' dir='ltr'>didio</span> <span class='ocrx_word' id='word_1_128' title='bbox 644 2615 888 2690; x_wconf 89' lang='lat' dir='ltr'>Sacramento</span> <span class='ocrx_word' id='word_1_129' title='bbox 910 2631 986 2685; x_wconf 87' lang='lat' dir='ltr'>non</span> <span class='ocrx_word' id='word_1_130' title='bbox 1015 2609 1209 2702; x_wconf 88' lang='lat' dir='ltr'>obllante,</span> <span class='ocrx_word' id='word_1_131' title='bbox 1237 2609 1364 2707; x_wconf 87' lang='lat' dir='ltr'>polline</span> <span class='ocrx_word' id='word_1_132' title='bbox 1387 2613 1424 2688; x_wconf 88' lang='lat' dir='ltr'>iu</span> <span class='ocrx_word' id='word_1_133' title='bbox 1448 2609 1518 2690; x_wconf 87' lang='lat' dir='ltr'>luis</span> <span class='ocrx_word' id='word_1_134' title='bbox 1547 2617 1788 2694; x_wconf 77' lang='lat' dir='ltr'>eledlionibus</span> <span class='ocrx_word' id='word_1_135' title='bbox 1813 2621 1857 2693; x_wconf 91' lang='lat' dir='ltr'>li·</span> 
     </span>
     <span class='ocr_line' id='line_1_17' title="bbox 458 2733 1857 2834; baseline 0.007 -24"><span class='ocrx_word' id='word_1_136' title='bbox 458 2735 542 2811; x_wconf 90' lang='lat' dir='ltr'>bere</span> <span class='ocrx_word' id='word_1_137' title='bbox 571 2741 760 2834; x_wconf 79' lang='lat' dir='ltr'>procedere</span> <span class='ocrx_word' id='word_1_138' title='bbox 789 2737 988 2813; x_wconf 87' lang='lat' dir='ltr'>secundum</span> <span class='ocrx_word' id='word_1_139' title='bbox 1017 2733 1179 2810; x_wconf 90' lang='lat' dir='ltr'>formam</span> <span class='ocrx_word' id='word_1_140' title='bbox 1204 2736 1242 2808; x_wconf 89' lang='lat' dir='ltr'>in</span> <span class='ocrx_word' id='word_1_141' title='bbox 1267 2759 1398 2810; x_wconf 92' lang='lat' dir='ltr'>eorum</span> <span class='ocrx_word' id='word_1_142' title='bbox 1424 2735 1572 2833; x_wconf 84' lang='lat' dir='ltr'>Regula</span> <span class='ocrx_word' id='word_1_143' title='bbox 1596 2739 1678 2818; x_wconf 78' lang='lat' dir='ltr'>dieti</span> <span class='ocrx_word' id='word_1_144' title='bbox 1707 2743 1857 2820; x_wconf 76' lang='lat' dir='ltr'>Ordinis</span> 
     </span>
     <span class='ocr_line' id='line_1_18' title="bbox 458 2860 1855 2960; baseline 0.007 -21"><span class='ocrx_word' id='word_1_145' title='bbox 458 2865 496 2939; x_wconf 79' lang='lat' dir='ltr'>ot</span> <span class='ocrx_word' id='word_1_146' title='bbox 523 2862 869 2941; x_wconf 89' lang='lat' dir='ltr'>Conllitutionibus</span> <span class='ocrx_word' id='word_1_147' title='bbox 895 2881 1136 2938; x_wconf 86' lang='lat' dir='ltr'>contentam.</span> <span class='ocrx_word' id='word_1_148' title='bbox 1164 2860 1429 2958; x_wconf 74' lang='lat' dir='ltr'>Intelledloque</span> <span class='ocrx_word' id='word_1_149' title='bbox 1454 2867 1552 2960; x_wconf 90' lang='lat' dir='ltr'>quod</span> <span class='ocrx_word' id='word_1_150' title='bbox 1575 2861 1749 2947; x_wconf 47' lang='lat' dir='ltr'>etiam&#39;in</span> <span class='ocrx_word' id='word_1_151' title='bbox 1774 2869 1855 2948; x_wconf 90' lang='lat' dir='ltr'>Do·</span> 
     </span>
     <span class='ocr_line' id='line_1_19' title="bbox 461 2985 1854 3091; baseline 0.009 -29"><span class='ocrx_word' id='word_1_152' title='bbox 461 2990 582 3063; x_wconf 82' lang='lat' dir='ltr'>tatibus</span> <span class='ocrx_word' id='word_1_153' title='bbox 607 2992 652 3064; x_wconf 91' lang='lat' dir='ltr'>de</span> <span class='ocrx_word' id='word_1_154' title='bbox 677 2985 901 3064; x_wconf 88' lang='lat' dir='ltr'>Monteforri</span> <span class='ocrx_word' id='word_1_155' title='bbox 924 3041 936 3079; x_wconf 93' lang='lat'>,</span> <span class='ocrx_word' id='word_1_156' title='bbox 963 2986 1113 3081; x_wconf 80' lang='lat' dir='ltr'>Braydae</span> <span class='ocrx_word' id='word_1_157' title='bbox 1141 3011 1181 3060; x_wconf 87' lang='lat' dir='ltr'>ac</span> <span class='ocrx_word' id='word_1_158' title='bbox 1208 2987 1326 3064; x_wconf 72' lang='lat' dir='ltr'>senui</span> <span class='ocrx_word' id='word_1_159' title='bbox 1354 2989 1508 3083; x_wconf 84' lang='lat' dir='ltr'>Spiritus</span> <span class='ocrx_word' id='word_1_160' title='bbox 1535 2989 1783 3091; x_wconf 85' lang='lat' dir='ltr'>Mediolani,</span> <span class='ocrx_word' id='word_1_161' title='bbox 1816 3000 1854 3074; x_wconf 92' lang='lat' dir='ltr'>in</span> 
     </span>
     <span class='ocr_line' id='line_1_20' title="bbox 460 3109 1856 3216; baseline 0.011 -30"><span class='ocrx_word' id='word_1_162' title='bbox 460 3113 645 3209; x_wconf 85' lang='lat' dir='ltr'>praelentia</span> <span class='ocrx_word' id='word_1_163' title='bbox 673 3116 784 3191; x_wconf 89' lang='lat' dir='ltr'>etiarn</span> <span class='ocrx_word' id='word_1_164' title='bbox 819 3115 901 3190; x_wconf 77' lang='lat' dir='ltr'>diui</span> <span class='ocrx_word' id='word_1_165' title='bbox 939 3111 1075 3189; x_wconf 86' lang='lat' dir='ltr'>Fratris</span> <span class='ocrx_word' id='word_1_166' title='bbox 1108 3113 1304 3189; x_wconf 88' lang='lat' dir='ltr'>Grrillelmi</span> <span class='ocrx_word' id='word_1_167' title='bbox 1341 3135 1429 3191; x_wconf 86' lang='lat' dir='ltr'>tuuc</span> <span class='ocrx_word' id='word_1_168' title='bbox 1463 3141 1530 3214; x_wconf 92' lang='lat' dir='ltr'>pro</span> <span class='ocrx_word' id='word_1_169' title='bbox 1566 3109 1748 3216; x_wconf 82' lang='lat' dir='ltr'>Magistro</span> <span class='ocrx_word' id='word_1_170' title='bbox 1774 3125 1856 3201; x_wconf 76' lang='lat' dir='ltr'>dieti</span> 
     </span>
     <span class='ocr_line' id='line_1_21' title="bbox 462 3233 1855 3342; baseline 0.004 -27"><span class='ocrx_word' id='word_1_171' title='bbox 462 3239 617 3316; x_wconf 85' lang='lat' dir='ltr'>Ordinis</span> <span class='ocrx_word' id='word_1_172' title='bbox 644 3238 677 3316; x_wconf 90' lang='lat' dir='ltr'>se</span> <span class='ocrx_word' id='word_1_173' title='bbox 703 3239 896 3338; x_wconf 86' lang='lat' dir='ltr'>gerentis,</span> <span class='ocrx_word' id='word_1_174' title='bbox 930 3233 1077 3334; x_wconf 90' lang='lat' dir='ltr'>ipsoque</span> <span class='ocrx_word' id='word_1_175' title='bbox 1105 3254 1145 3311; x_wconf 92' lang='lat' dir='ltr'>ut</span> <span class='ocrx_word' id='word_1_176' title='bbox 1175 3235 1276 3332; x_wconf 87' lang='lat' dir='ltr'>supra</span> <span class='ocrx_word' id='word_1_177' title='bbox 1306 3235 1580 3336; x_wconf 86' lang='lat' dir='ltr'>suggerente&amp;</span> <span class='ocrx_word' id='word_1_178' title='bbox 1608 3247 1855 3342; x_wconf 89' lang='lat' dir='ltr'>approbante,</span> 
     </span>
    </p>
   </div>
   <div class='ocr_carea' id='block_1_7' title="bbox 462 3361 2006 3462">
    <p class='ocr_par' dir='ltr' id='par_1_7' title="bbox 462 3361 2006 3462">
     <span class='ocr_line' id='line_1_22' title="bbox 462 3361 2006 3462; baseline 0.004 -18"><span class='ocrx_word' id='word_1_179' title='bbox 462 3391 596 3444; x_wconf 90' lang='lat' dir='ltr'>omnes</span> <span class='ocrx_word' id='word_1_180' title='bbox 621 3371 658 3445; x_wconf 83' lang='lat' dir='ltr'>dt</span> <span class='ocrx_word' id='word_1_181' title='bbox 687 3365 820 3462; x_wconf 83' lang='lat' dir='ltr'>finguli</span> <span class='ocrx_word' id='word_1_182' title='bbox 848 3363 989 3440; x_wconf 85' lang='lat' dir='ltr'>Fratres</span> <span class='ocrx_word' id='word_1_183' title='bbox 1014 3362 1284 3439; x_wconf 79' lang='lat' dir='ltr'>Conventuurt‘t</span> <span class='ocrx_word' id='word_1_184' title='bbox 1315 3367 1566 3459; x_wconf 74' lang='lat' dir='ltr'>praedidorum</span> <span class='ocrx_word' id='word_1_185' title='bbox 1594 3391 1680 3448; x_wconf 89' lang='lat' dir='ltr'>tunc</span> <span class='ocrx_word' id='word_1_186' title='bbox 1708 3371 1856 3450; x_wconf 84' lang='lat' dir='ltr'>Profelst</span> <span class='ocrx_word' id='word_1_187' title='bbox 2005 3361 2006 3450; x_wconf 71' lang='lat' dir='ltr'>l</span> 
     </span>
    </p>
   </div>
   <div class='ocr_carea' id='block_1_8' title="bbox 453 3451 2006 4600">
    <p class='ocr_par' dir='ltr' id='par_1_8' title="bbox 453 3451 2006 4600">
     <span class='ocr_line' id='line_1_23' title="bbox 459 3451 2006 3600; baseline 0.009 -32"><span class='ocrx_word' id='word_1_188' title='bbox 459 3491 629 3568; x_wconf 82' lang='lat' dir='ltr'>similiter</span> <span class='ocrx_word' id='word_1_189' title='bbox 655 3491 868 3583; x_wconf 83' lang='lat' dir='ltr'>juraverunt</span> <span class='ocrx_word' id='word_1_190' title='bbox 894 3515 1011 3565; x_wconf 88' lang='lat' dir='ltr'>manu</span> <span class='ocrx_word' id='word_1_191' title='bbox 1038 3491 1276 3585; x_wconf 87' lang='lat' dir='ltr'>corporaliter</span> <span class='ocrx_word' id='word_1_192' title='bbox 1299 3495 1403 3580; x_wconf 69' lang='lat' dir='ltr'>¹taliis</span> <span class='ocrx_word' id='word_1_193' title='bbox 1430 3497 1654 3594; x_wconf 90' lang='lat' dir='ltr'>Scripturis,</span> <span class='ocrx_word' id='word_1_194' title='bbox 1687 3505 1787 3600; x_wconf 91' lang='lat' dir='ltr'>quod</span> <span class='ocrx_word' id='word_1_195' title='bbox 1813 3507 1856 3582; x_wconf 88' lang='lat' dir='ltr'>de</span> <span class='ocrx_word' id='word_1_196' title='bbox 2005 3451 2006 3502; x_wconf 34' lang='lat'><strong>³</strong></span> 
     </span>
     <span class='ocr_line' id='line_1_24' title="bbox 465 3613 1859 3714; baseline 0.011 -21"><span class='ocrx_word' id='word_1_197' title='bbox 465 3637 597 3694; x_wconf 82' lang='lat' dir='ltr'>caetero</span> <span class='ocrx_word' id='word_1_198' title='bbox 621 3619 743 3691; x_wconf 90' lang='lat' dir='ltr'>nullus</span> <span class='ocrx_word' id='word_1_199' title='bbox 765 3614 925 3714; x_wconf 89' lang='lat' dir='ltr'>ipsorum</span> <span class='ocrx_word' id='word_1_200' title='bbox 949 3618 1059 3710; x_wconf 85' lang='lat' dir='ltr'>eliget</span> <span class='ocrx_word' id='word_1_201' title='bbox 1083 3617 1121 3688; x_wconf 91' lang='lat' dir='ltr'>irt</span> <span class='ocrx_word' id='word_1_202' title='bbox 1147 3613 1338 3692; x_wconf 82' lang='lat' dir='ltr'>Praelatum</span> <span class='ocrx_word' id='word_1_203' title='bbox 1362 3621 1517 3696; x_wconf 88' lang='lat' dir='ltr'>eandem</span> <span class='ocrx_word' id='word_1_204' title='bbox 1542 3623 1742 3704; x_wconf 83' lang='lat' dir='ltr'>Personam</span> <span class='ocrx_word' id='word_1_205' title='bbox 1764 3633 1859 3709; x_wconf 86' lang='lat' dir='ltr'>ultra</span> 
     </span>
     <span class='ocr_line' id='line_1_25' title="bbox 464 3739 1854 3854; baseline 0.011 -38"><span class='ocrx_word' id='word_1_206' title='bbox 464 3741 658 3817; x_wconf 88' lang='lat' dir='ltr'>secundam</span> <span class='ocrx_word' id='word_1_207' title='bbox 676 3745 789 3816; x_wconf 85' lang='lat' dir='ltr'>vicem</span> <span class='ocrx_word' id='word_1_208' title='bbox 805 3739 1049 3816; x_wconf 83' lang='lat' dir='ltr'>&amp;biennium</span> <span class='ocrx_word' id='word_1_209' title='bbox 1067 3741 1348 3844; x_wconf 83' lang='lat' dir='ltr'>immediatum3</span> <span class='ocrx_word' id='word_1_210' title='bbox 1369 3745 1403 3818; x_wconf 84' lang='lat' dir='ltr'>dt</span> <span class='ocrx_word' id='word_1_211' title='bbox 1429 3741 1453 3816; x_wconf 89' lang='lat' dir='ltr'>li</span> <span class='ocrx_word' id='word_1_212' title='bbox 1476 3747 1673 3845; x_wconf 81' lang='lat' dir='ltr'>contingat</span> <span class='ocrx_word' id='word_1_213' title='bbox 1694 3755 1854 3854; x_wconf 87' lang='lat' dir='ltr'>aliquem</span> 
     </span>
     <span class='ocr_line' id='line_1_26' title="bbox 460 3863 1854 3967; baseline 0.008 -24"><span class='ocrx_word' id='word_1_214' title='bbox 460 3871 559 3944; x_wconf 89' lang='lat' dir='ltr'>ultra</span> <span class='ocrx_word' id='word_1_215' title='bbox 588 3867 780 3942; x_wconf 85' lang='lat' dir='ltr'>secundam</span> <span class='ocrx_word' id='word_1_216' title='bbox 811 3863 925 3936; x_wconf 89' lang='lat' dir='ltr'>vicem</span> <span class='ocrx_word' id='word_1_217' title='bbox 952 3863 1202 3938; x_wconf 82' lang='lat' dir='ltr'>&amp;biennium</span> <span class='ocrx_word' id='word_1_218' title='bbox 1232 3867 1490 3944; x_wconf 85' lang='lat' dir='ltr'>immediatum</span> <span class='ocrx_word' id='word_1_219' title='bbox 1518 3873 1630 3967; x_wconf 78' lang='lat' dir='ltr'>eligi,</span> <span class='ocrx_word' id='word_1_220' title='bbox 1659 3901 1737 3966; x_wconf 86' lang='lat' dir='ltr'>non</span> <span class='ocrx_word' id='word_1_221' title='bbox 1766 3905 1854 3956; x_wconf 90' lang='lat' dir='ltr'>cou-</span> 
     </span>
     <span class='ocr_line' id='line_1_27' title="bbox 462 3983 1856 4084; baseline 0.012 -19"><span class='ocrx_word' id='word_1_222' title='bbox 462 3989 592 4066; x_wconf 88' lang='lat' dir='ltr'>sentiet</span> <span class='ocrx_word' id='word_1_223' title='bbox 621 3992 682 4065; x_wconf 90' lang='lat' dir='ltr'>tali</span> <span class='ocrx_word' id='word_1_224' title='bbox 709 3987 879 4062; x_wconf 74' lang='lat' dir='ltr'>eledioni</span> <span class='ocrx_word' id='word_1_225' title='bbox 895 4037 906 4075; x_wconf 93' lang='lat'>,</span> <span class='ocrx_word' id='word_1_226' title='bbox 936 4008 1001 4056; x_wconf 89' lang='lat' dir='ltr'>nec</span> <span class='ocrx_word' id='word_1_227' title='bbox 1028 3983 1064 4059; x_wconf 90' lang='lat' dir='ltr'>se</span> <span class='ocrx_word' id='word_1_228' title='bbox 1088 3989 1292 4084; x_wconf 89' lang='lat' dir='ltr'>aliqualiter</span> <span class='ocrx_word' id='word_1_229' title='bbox 1320 3993 1542 4072; x_wconf 88' lang='lat' dir='ltr'>intromittet</span> <span class='ocrx_word' id='word_1_230' title='bbox 1567 4000 1699 4079; x_wconf 91' lang='lat' dir='ltr'>detali</span> <span class='ocrx_word' id='word_1_231' title='bbox 1727 4005 1856 4083; x_wconf 84' lang='lat' dir='ltr'>Praela-</span> 
     </span>
     <span class='ocr_line' id='line_1_28' title="bbox 456 4103 1852 4211; baseline 0.012 -18"><span class='ocrx_word' id='word_1_232' title='bbox 456 4117 536 4193; x_wconf 89' lang='lat' dir='ltr'>t&#39;ura</span> <span class='ocrx_word' id='word_1_233' title='bbox 564 4118 626 4190; x_wconf 91' lang='lat' dir='ltr'>illa</span> <span class='ocrx_word' id='word_1_234' title='bbox 655 4115 756 4204; x_wconf 85' lang='lat' dir='ltr'>vice,</span> <span class='ocrx_word' id='word_1_235' title='bbox 785 4133 850 4186; x_wconf 93' lang='lat' dir='ltr'>nec</span> <span class='ocrx_word' id='word_1_236' title='bbox 876 4103 943 4204; x_wconf 88' lang='lat' dir='ltr'>ipli</span> <span class='ocrx_word' id='word_1_237' title='bbox 973 4133 1038 4183; x_wconf 88' lang='lat' dir='ltr'>nec</span> <span class='ocrx_word' id='word_1_238' title='bbox 1064 4113 1193 4206; x_wconf 87' lang='lat' dir='ltr'>aliquis</span> <span class='ocrx_word' id='word_1_239' title='bbox 1214 4137 1345 4188; x_wconf 90' lang='lat' dir='ltr'>eorum</span> <span class='ocrx_word' id='word_1_240' title='bbox 1367 4119 1487 4196; x_wconf 87' lang='lat' dir='ltr'>eidem</span> <span class='ocrx_word' id='word_1_241' title='bbox 1516 4119 1680 4202; x_wconf 71' lang='lat' dir='ltr'>Persona</span> <span class='ocrx_word' id='word_1_242' title='bbox 1705 4131 1852 4211; x_wconf 89' lang='lat' dir='ltr'>obediet</span> 
     </span>
     <span class='ocr_line' id='line_1_29' title="bbox 454 4241 1854 4347; baseline 0.012 -29"><span class='ocrx_word' id='word_1_243' title='bbox 454 4247 550 4318; x_wconf 92' lang='lat' dir='ltr'>ultra</span> <span class='ocrx_word' id='word_1_244' title='bbox 572 4241 765 4316; x_wconf 88' lang='lat' dir='ltr'>biennium</span> <span class='ocrx_word' id='word_1_245' title='bbox 783 4243 856 4328; x_wconf 71' lang='lat' dir='ltr'>3‘ac</span> <span class='ocrx_word' id='word_1_246' title='bbox 878 4241 990 4310; x_wconf 89' lang='lat' dir='ltr'>etiam</span> <span class='ocrx_word' id='word_1_247' title='bbox 1014 4241 1112 4334; x_wconf 89' lang='lat' dir='ltr'>quod</span> <span class='ocrx_word' id='word_1_248' title='bbox 1139 4241 1282 4314; x_wconf 89' lang='lat' dir='ltr'>nullum</span> <span class='ocrx_word' id='word_1_249' title='bbox 1303 4243 1499 4321; x_wconf 76' lang='lat' dir='ltr'>decaetero</span> <span class='ocrx_word' id='word_1_250' title='bbox 1520 4252 1691 4347; x_wconf 89' lang='lat' dir='ltr'>recipient</span> <span class='ocrx_word' id='word_1_251' title='bbox 1706 4258 1750 4333; x_wconf 90' lang='lat' dir='ltr'>ad</span> <span class='ocrx_word' id='word_1_252' title='bbox 1764 4258 1854 4335; x_wconf 89' lang='lat' dir='ltr'>Pro·</span> 
     </span>
     <span class='ocr_line' id='line_1_30' title="bbox 454 4361 1849 4460; baseline 0.01 -13"><span class='ocrx_word' id='word_1_253' title='bbox 454 4367 644 4448; x_wconf 83' lang='lat' dir='ltr'>feslronem</span> <span class='ocrx_word' id='word_1_254' title='bbox 662 4368 711 4440; x_wconf 89' lang='lat' dir='ltr'>sui</span> <span class='ocrx_word' id='word_1_255' title='bbox 727 4361 972 4457; x_wconf 86' lang='lat' dir='ltr'>Conventus,</span> <span class='ocrx_word' id='word_1_256' title='bbox 997 4363 1064 4438; x_wconf 86' lang='lat' dir='ltr'>nili</span> <span class='ocrx_word' id='word_1_257' title='bbox 1081 4365 1199 4438; x_wconf 80' lang='lat' dir='ltr'>fimlle</span> <span class='ocrx_word' id='word_1_258' title='bbox 1214 4363 1392 4460; x_wconf 78' lang='lat' dir='ltr'>praellarer</span> <span class='ocrx_word' id='word_1_259' title='bbox 1406 4369 1710 4456; x_wconf 85' lang='lat' dir='ltr'>Sacramentum:</span> <span class='ocrx_word' id='word_1_260' title='bbox 1732 4403 1849 4460; x_wconf 89' lang='lat' dir='ltr'>atten-</span> 
     </span>
     <span class='ocr_line' id='line_1_31' title="bbox 453 4491 1851 4600; baseline 0.008 -23"><span class='ocrx_word' id='word_1_261' title='bbox 453 4505 581 4577; x_wconf 85' lang='lat' dir='ltr'>dentes</span> <span class='ocrx_word' id='word_1_262' title='bbox 603 4497 702 4596; x_wconf 89' lang='lat' dir='ltr'>quod</span> <span class='ocrx_word' id='word_1_263' title='bbox 724 4493 816 4567; x_wconf 77' lang='lat' dir='ltr'>diua</span> <span class='ocrx_word' id='word_1_264' title='bbox 839 4491 1077 4567; x_wconf 90' lang='lat' dir='ltr'>Sacramenta</span> <span class='ocrx_word' id='word_1_265' title='bbox 1104 4491 1161 4566; x_wconf 84' lang='lat' dir='ltr'>seu</span> <span class='ocrx_word' id='word_1_266' title='bbox 1183 4491 1389 4578; x_wconf 85' lang='lat' dir='ltr'>juramenta</span> <span class='ocrx_word' id='word_1_267' title='bbox 1411 4501 1428 4586; x_wconf 90' lang='lat'><strong>(</strong></span> <span class='ocrx_word' id='word_1_268' title='bbox 1441 4497 1464 4572; x_wconf 87' lang='lat' dir='ltr'>li</span> <span class='ocrx_word' id='word_1_269' title='bbox 1483 4499 1607 4579; x_wconf 89' lang='lat' dir='ltr'>licdici</span> <span class='ocrx_word' id='word_1_270' title='bbox 1622 4509 1851 4600; x_wconf 89' lang='lat' dir='ltr'>debuerunt)</span> 
     </span>
    </p>
   </div>
   <div class='ocr_carea' id='block_1_9' title="bbox 459 4618 1852 4840">
    <p class='ocr_par' dir='ltr' id='par_1_9' title="bbox 459 4618 1852 4840">
     <span class='ocr_line' id='line_1_32' title="bbox 459 4618 1852 4728; baseline 0.007 -22"><span class='ocrx_word' id='word_1_271' title='bbox 459 4621 724 4728; x_wconf 90' lang='lat' dir='ltr'>dispendiosa,</span> <span class='ocrx_word' id='word_1_272' title='bbox 759 4618 985 4714; x_wconf 88' lang='lat' dir='ltr'>temeraria,</span> <span class='ocrx_word' id='word_1_273' title='bbox 1020 4621 1058 4694; x_wconf 79' lang='lat' dir='ltr'>dt</span> <span class='ocrx_word' id='word_1_274' title='bbox 1092 4621 1263 4720; x_wconf 86' lang='lat' dir='ltr'>exemplo</span> <span class='ocrx_word' id='word_1_275' title='bbox 1296 4623 1495 4722; x_wconf 88' lang='lat' dir='ltr'>perniciosa</span> <span class='ocrx_word' id='word_1_276' title='bbox 1528 4625 1681 4710; x_wconf 83' lang='lat' dir='ltr'>suerunt</span> <span class='ocrx_word' id='word_1_277' title='bbox 1709 4643 1745 4714; x_wconf 83' lang='lat' dir='ltr'>dt</span> <span class='ocrx_word' id='word_1_278' title='bbox 1772 4635 1852 4716; x_wconf 87' lang='lat' dir='ltr'>sunt</span> 
     </span>
     <span class='ocr_line' id='line_1_33' title="bbox 1769 4785 1813 4840; baseline -0.045 0"><span class='ocrx_word' id='word_1_279' title='bbox 1769 4785 1813 4840; x_wconf 85' lang='lat' dir='ltr'>ex</span> 
     </span>
    </p>
   </div>
   <div class='ocr_carea' id='block_1_10' title="bbox 0 0 2054 5494">
    <p class='ocr_par' dir='ltr' id='par_1_10' title="bbox 0 0 2054 5494">
     <span class='ocr_line' id='line_1_34' title="bbox 0 0 2054 5494; baseline 0 0"><span class='ocrx_word' id='word_1_280' title='bbox 0 0 2054 5494; x_wconf 95' lang='lat' dir='ltr'> </span> 
     </span>
    </p>
   </div>
  </div>
 </body>
</html>
