4100 5500
372 596 1396 680 transposuerant&contrua-antra.
1464 597 1545 684 top⁴

170 713 211 788 in
245 741 412 814 quorum
451 705 713 833 Conventibus
747 727 974 804 contrarium
1011 722 1147 800 salium
1181 717 1291 796 fuerit
1327 741 1389 826 pet
1418 713 1583 810 ipsorum

170 841 387 921 suasionem
411 853 466 923 vel
490 855 661 948 culpam,
685 851 757 926 srnt
777 852 821 925 ab
844 876 974 958 eorum
1003 847 1133 924 officiis
1155 841 1339 942 suspensa,
1362 841 1482 914 donee
1500 837 1585 916 Do·

167 972 284 1046 mino
313 972 493 1072 Magistro
521 975 700 1053 ridebitur
724 977 919 1070 expedite3
945 982 982 1055 dt
1001 977 1100 1075 qnod
1121 969 1349 1051 Caneratitts
1372 965 1417 1040 de
1445 963 1580 1042 Dottto

166 1097 324 1192 propria
347 1101 577 1195 expellatur,
600 1101 834 1191 &inhabilis
857 1100 900 1178 sat
923 1103 968 1183 arl
989 1100 1176 1202 quodlibet
1196 1089 1424 1176 Beneficium
1449 1090 1496 1170 de
1515 1114 1581 1168 rae·

169 1211 256 1300 t'eto
285 1225 559 1302 obtinendum.
597 1243 630 1288 ··
845 1277 849 1288 ·
888 1276 890 1286 ·
981 1253 1004 1299 .·
1459 1219 1462 1224 ’

530 1403 536 1414 ’
625 1373 642 1387 ..
675 1403 737 1533 iD‘
762 1383 898 1485 Laicis.
925 1417 1004 1541 fap.
1024 1415 1072 1483 tt.

213 1603 316 1682 Tem
347 1605 569 1700 statuimus,
595 1609 631 1709 dt
658 1609 902 1704 ordinamus,
928 1615 964 1690 bt
990 1611 1219 1701 delinimus,
1246 1599 1344 1702 quod
1370 1596 1417 1674 de
1443 1613 1579 1676 cetero

243 1733 376 1804 nullus
403 1729 526 1804 Frater
553 1727 686 1806 Laicus
712 1733 900 1830 recipiatur
922 1734 961 1808 in
982 1737 1106 1833 aliquo
1132 1730 1338 1808 Conuentu
1367 1725 1474 1820 primi
1506 1747 1589 1798 neo,

172 1851 326 1930 secundi
354 1852 536 1944 Ordinis,
562 1850 748 1955 quousque
775 1857 814 1948 in
835 1855 925 1962 ipsis,
951 1858 1208 1936 Convennbnr
1234 1851 1438 1946 completus
1463 1843 1575 1924 fuerit

171 2001 358 2056 numerus
383 1981 614 2057 Clericorunt
643 1978 776 2057 eisdem
806 2003 986 2076 taxatus,
1018 1983 1303 2081 pronuntiantes
1327 2001 1375 2054 ett
1403 2003 1504 2054 nunc
1530 1979 1578 2052 it·

167 2103 280 2180 ritant
312 2109 348 2182 dt
378 2107 529 2182 inanem
556 2107 760 2206 quamlibet
784 2111 1034 2206 receptionem
1066 2127 1200 2186 contra
1228 2101 1440 2205 presentem
1467 2103 1577 2197 coa,

168 2231 409 2309 flitutionetn
434 2232 482 2307 de
506 2255 636 2308 caetero
663 2229 859 2326 fiendam,
887 2235 938 2310 ita
966 2253 1091 2310 tamen
1117 2231 1356 2333 quodetiam
1382 2231 1571 2327 completo

171 2381 340 2432 numero
365 2355 597 2431 Clerirornnt
625 2359 825 2450 penditio,
853 2381 931 2432 non
960 2362 1066 2436 liceat
1091 2361 1205 2436 etiam
1232 2353 1384 2432 Laicum
1411 2357 1574 2455 aliquem

176 2482 341 2578 recipere
369 2479 443 2556 fine
468 2479 633 2556 Domini
662 2479 829 2576 Magistri
857 2483 1005 2558 licentia
1033 2477 1196 2578 speciali.

167 2689 223 2757 De
244 2711 309 2758 nnn
330 2637 519 2780 recipientis
535 2658 733 2776 Fratribus,
746 2683 804 2782 qui
816 2685 955 2760 inerrat
974 2683 1017 2759 acl
1028 2645 1191 2784 =regendus
1205 2683 1361 2768 Ectieiar
1375 2685 1575 2768 seculares.

787 2815 872 2910 Cap.
891 2815 958 2886 ΙΙΙ.

218 2977 317 3062 Tem
346 2981 558 3079 statuimus,
586 2991 622 3064 dt
650 2985 895 3080 ordinamus,
921 2989 958 3067 bt
984 2981 1209 3081 definimus,
1234 2985 1332 3084 quod
1358 2985 1406 3060 de
1432 3001 1565 3070 caetero

245 3115 371 3188 nullus
393 3113 517 3194 Frater
537 3115 713 3210 Ordinis,
739 3117 802 3215 qui
830 3115 936 3192 iverit
960 3119 1015 3192 vel
1038 3117 1105 3194 ibit
1124 3114 1287 3218 quolibet
1310 3115 1490 3191 modoad
1514 3139 1571 3192 re·

167 3227 306 3334 gendas
326 3231 502 3316 Ecclesiae
522 3241 739 3330 saculares,
766 3240 958 3338 recipiatur
979 3243 1018 3318 in
1043 3237 1173 3342 aliquo.
1187 3239 1392 3317 Conuentu
1412 3235 1568 3314 Ordinis

169 3365 216 3438 ad
240 3367 514 3440 comedendum
542 3367 597 3438 vel
625 3359 851 3454 bibendum,
879 3368 934 3438 rel
961 3367 1074 3440 etiam
1096 3363 1383 3450 dormiendum
1409 3365 1446 3439 dt
1473 3360 1568 3438 Prae·

170 3486 279 3582 postti
308 3491 365 3564 vel
393 3485 533 3562 Ptaelati
557 3486 616 3560 seu
640 3507 771 3560 eorum
801 3479 1117 3562 Locumtenentes
1141 3486 1369 3562 eontrarium
1391 3485 1565 3563 facientes

168 3609 248 3707 ipso
273 3609 370 3687 satio
399 3611 468 3686 lint
503 3610 548 3684 ab
580 3633 712 3683 eorum
739 3607 881 3684 Officiis
913 3610 1026 3710 usque
1060 3613 1105 3686 ad
1132 3612 1366 3684 voluntatem
1403 3609 1568 3712 Domini

169 3737 333 3837 Magistri
364 3731 542 3831 snspensas
569 3729 618 3808 Et
645 3732 744 3831 quod
771 3731 893 3811 nullus
918 3729 1159 3832 Praepofitus,
1188 3731 1360 3810 pratens
1388 3735 1443 3811 rel
1472 3733 1566 3812 Sub·

170 3863 270 3938 ditus
290 3861 443 3936 Ordinis
465 3859 511 3934 de
537 3877 669 3935 cetero
693 3858 890 3949 comedat,
916 3857 1047 3952 bibat,
1078 3885 1145 3940 nec
1170 3860 1331 3935 dormiat
1360 3861 1396 3934 in
1426 3859 1568 3938 Dottti·

167 3988 237 4064 bus
264 3983 324 4060 seu
353 3983 641 4060 habitationibus
665 3982 847 4060 didorurn
881 3977 1053 4063 ¹Fratrum
1089 3983 1265 4064 Ecclelias
1292 3985 1484 4063 Sannlares
1514 4012 1567 4064 re·

169 4111 374 4208 gentiunt.
408 4107 651 4184 Contrarium
680 4131 767 4184 tero
801 4105 977 4184 facientes
1014 4108 1085 4185 stnt
1121 4111 1248 4206 privati
1288 4133 1374 4184 rore
1402 4109 1567 4208 Capituli

173 4233 284 4333 usque
311 4233 357 4310 ad
385 4233 618 4309 voluntatem
645 4229 811 4309 Dontini
837 4227 1006 4328 Magistri
1021 4281 1032 4303 .
1069 4229 1249 4306 Eamdent
1277 4234 1389 4307 etiarn
1412 4261 1573 4332 prunam

174 4358 364 4438 incurrant
388 4358 450 4458 qui
477 4357 522 4433 de
548 4373 681 4432 caeteto
708 4359 841 4434 iverint
865 4353 1085 4432 talamos
1112 4355 1365 4450 prndibiotum
1393 4355 1569 4442 Ecclefiae

174 4487 379 4586 tegentium
406 4478 483 4559 fine
511 4477 654 4578 speciali
679 4481 829 4559 lieentia
856 4479 908 4556 sui
938 4478 1122 4577 Praepositi
1151 4481 1207 4556 vel
1235 4471 1405 4560 Praelati.

217 4743 324 4814 «Yam.
349 4737 418 4810 111.
875 4723 911 4805 Y
1467 4737 1520 4812 De
