<?xml version="1.0" encoding="UTF-8"?>
<!DOCTYPE html PUBLIC "-//W3C//DTD XHTML 1.0 Transitional//EN"
    "http://www.w3.org/TR/xhtml1/DTD/xhtml1-transitional.dtd">
<html xmlns="http://www.w3.org/1999/xhtml" xml:lang="en" lang="en">
 <head>
  <title>
</title>
<meta http-equiv="Content-Type" content="text/html;charset=utf-8" />
  <meta name='ocr-system' content='tesseract 3.04.00' />
  <meta name='ocr-capabilities' content='ocr_page ocr_carea ocr_par ocr_line ocrx_word'/>
</head>
<body>
  <div class='ocr_page' id='page_1' title='image "./veterahumiliato00braigoog_0178.png"; bbox 0 0 4100 5500; ppageno 0'>
   <div class='ocr_carea' id='block_1_1' title="bbox 296 613 1515 700">
    <p class='ocr_par' dir='ltr' id='par_1_1' title="bbox 296 613 1515 700">
     <span class='ocr_line' id='line_1_1' title="bbox 296 613 1515 700; baseline 0 -8"><span class='ocrx_word' id='word_1_1' title='bbox 296 647 301 664; x_wconf 77' lang='lat'>=</span> <span class='ocrx_word' id='word_1_2' title='bbox 350 615 1374 700; x_wconf 64' lang='lat' dir='ltr'>tuGanuenttuusCoutcttscoice·</span> <span class='ocrx_word' id='word_1_3' title='bbox 1443 613 1515 692; x_wconf 89' lang='lat'>167</span> 
     </span>
    </p>
   </div>
   <div class='ocr_carea' id='block_1_2' title="bbox 364 819 1356 926">
    <p class='ocr_par' dir='ltr' id='par_1_2' title="bbox 351 772 1356 926">
     <span class='ocr_line' id='line_1_2' title="bbox 364 819 1356 926; baseline 0.009 -32.884"><span class='ocrx_word' id='word_1_4' title='bbox 364 826 418 895; x_wconf 84' lang='lat' dir='ltr'>De</span> <span class='ocrx_word' id='word_1_5' title='bbox 442 848 576 899; x_wconf 83' lang='lat' dir='ltr'>numero</span> <span class='ocrx_word' id='word_1_6' title='bbox 600 826 802 900; x_wconf 80' lang='lat' dir='ltr'>Clericorum</span> <span class='ocrx_word' id='word_1_7' title='bbox 824 819 957 918; x_wconf 81' lang='lat' dir='ltr'>secundi</span> <span class='ocrx_word' id='word_1_8' title='bbox 981 823 1140 906; x_wconf 79' lang='lat' dir='ltr'><em>Ordinis.</em></span> <span class='ocrx_word' id='word_1_9' title='bbox 1180 829 1259 926; x_wconf 86' lang='lat' dir='ltr'><em>Cap.</em></span> <span class='ocrx_word' id='word_1_10' title='bbox 1285 825 1356 902; x_wconf 83' lang='lat' dir='ltr'>m.</span> 
     </span>
    </p>
   </div>
   <div class='ocr_carea' id='block_1_3' title="bbox 119 986 1659 4754">
    <p class='ocr_par' dir='ltr' id='par_1_3' title="bbox 119 977 1659 4754">
     <span class='ocr_line' id='line_1_3' title="bbox 158 986 1586 1164; baseline -0.004 -96"><span class='ocrx_word' id='word_1_11' title='bbox 158 986 308 1164; x_wconf 80' lang='lat' dir='ltr'>lTem</span> <span class='ocrx_word' id='word_1_12' title='bbox 344 995 532 1093; x_wconf 80' lang='lat' dir='ltr'>cupientes</span> <span class='ocrx_word' id='word_1_13' title='bbox 568 1004 605 1076; x_wconf 87' lang='lat' dir='ltr'>ln</span> <span class='ocrx_word' id='word_1_14' title='bbox 643 998 781 1075; x_wconf 86' lang='lat' dir='ltr'>Nostro</span> <span class='ocrx_word' id='word_1_15' title='bbox 815 995 957 1080; x_wconf 81' lang='lat' dir='ltr'>Ordine</span> <span class='ocrx_word' id='word_1_16' title='bbox 994 998 1184 1080; x_wconf 87' lang='lat' dir='ltr'>Divinum</span> <span class='ocrx_word' id='word_1_17' title='bbox 1220 1000 1378 1080; x_wconf 86' lang='lat' dir='ltr'>Cultum</span> <span class='ocrx_word' id='word_1_18' title='bbox 1406 987 1586 1085; x_wconf 47' lang='lat' dir='ltr'>augeri,</span> 
     </span>
     <span class='ocr_line' id='line_1_4' title="bbox 231 1113 1560 1232; baseline -0.005 -34"><span class='ocrx_word' id='word_1_19' title='bbox 231 1121 455 1222; x_wconf 88' lang='lat' dir='ltr'>definimus,</span> <span class='ocrx_word' id='word_1_20' title='bbox 492 1127 706 1221; x_wconf 78' lang='lat' dir='ltr'>statuimus,</span> <span class='ocrx_word' id='word_1_21' title='bbox 735 1133 771 1212; x_wconf 74' lang='lat' dir='ltr'>dc</span> <span class='ocrx_word' id='word_1_22' title='bbox 798 1131 1043 1224; x_wconf 80' lang='lat' dir='ltr'>ordinamus,</span> <span class='ocrx_word' id='word_1_23' title='bbox 1078 1133 1177 1232; x_wconf 91' lang='lat' dir='ltr'>quod</span> <span class='ocrx_word' id='word_1_24' title='bbox 1213 1125 1447 1220; x_wconf 64' lang='lat' dir='ltr'>infrascripto</span> <span class='ocrx_word' id='word_1_25' title='bbox 1476 1113 1560 1191; x_wconf 89' lang='lat' dir='ltr'>Do·</span> 
     </span>
     <span class='ocr_line' id='line_1_5' title="bbox 158 1241 1560 1352; baseline -0.004 -26"><span class='ocrx_word' id='word_1_26' title='bbox 158 1270 244 1326; x_wconf 87' lang='lat' dir='ltr'>mus</span> <span class='ocrx_word' id='word_1_27' title='bbox 275 1251 421 1330; x_wconf 83' lang='lat' dir='ltr'>secundi</span> <span class='ocrx_word' id='word_1_28' title='bbox 449 1253 603 1331; x_wconf 81' lang='lat' dir='ltr'>Ordinis</span> <span class='ocrx_word' id='word_1_29' title='bbox 631 1253 743 1330; x_wconf 87' lang='lat' dir='ltr'>nollri</span> <span class='ocrx_word' id='word_1_30' title='bbox 774 1280 972 1340; x_wconf 87' lang='lat' dir='ltr'>numerum</span> <span class='ocrx_word' id='word_1_31' title='bbox 1000 1255 1235 1337; x_wconf 84' lang='lat' dir='ltr'>Clerieorunt</span> <span class='ocrx_word' id='word_1_32' title='bbox 1257 1250 1452 1352; x_wconf 84' lang='lat' dir='ltr'>unicuique</span> <span class='ocrx_word' id='word_1_33' title='bbox 1475 1241 1560 1321; x_wconf 88' lang='lat' dir='ltr'>Do·</span> 
     </span>
     <span class='ocr_line' id='line_1_6' title="bbox 153 1367 1557 1477; baseline 0.001 -22"><span class='ocrx_word' id='word_1_34' title='bbox 153 1400 307 1455; x_wconf 88' lang='lat' dir='ltr'>morum</span> <span class='ocrx_word' id='word_1_35' title='bbox 336 1385 549 1458; x_wconf 85' lang='lat' dir='ltr'>earumdem</span> <span class='ocrx_word' id='word_1_36' title='bbox 579 1383 637 1460; x_wconf 84' lang='lat' dir='ltr'>hic</span> <span class='ocrx_word' id='word_1_37' title='bbox 670 1385 1022 1470; x_wconf 83' lang='lat' dir='ltr'>determinatum&amp;</span> <span class='ocrx_word' id='word_1_38' title='bbox 1051 1381 1280 1477; x_wconf 83' lang='lat' dir='ltr'>imposttunt·</span> <span class='ocrx_word' id='word_1_39' title='bbox 1304 1379 1459 1472; x_wconf 83' lang='lat' dir='ltr'>recipere</span> <span class='ocrx_word' id='word_1_40' title='bbox 1486 1367 1557 1448; x_wconf 76' lang='lat' dir='ltr'>ssu-</span> 
     </span>
     <span class='ocr_line' id='line_1_7' title="bbox 151 1493 1558 1610; baseline -0.003 -34"><span class='ocrx_word' id='word_1_41' title='bbox 151 1501 270 1579; x_wconf 77' lang='lat' dir='ltr'>deant</span> <span class='ocrx_word' id='word_1_42' title='bbox 291 1505 330 1582; x_wconf 77' lang='lat' dir='ltr'>dc</span> <span class='ocrx_word' id='word_1_43' title='bbox 353 1505 513 1598; x_wconf 80' lang='lat' dir='ltr'>habere3</span> <span class='ocrx_word' id='word_1_44' title='bbox 538 1493 703 1584; x_wconf 85' lang='lat' dir='ltr'>videlicet</span> <span class='ocrx_word' id='word_1_45' title='bbox 726 1505 878 1584; x_wconf 88' lang='lat' dir='ltr'>Domus</span> <span class='ocrx_word' id='word_1_46' title='bbox 899 1507 1041 1608; x_wconf 81' lang='lat' dir='ltr'>Brayde</span> <span class='ocrx_word' id='word_1_47' title='bbox 1064 1507 1381 1610; x_wconf 76' lang='lat' dir='ltr'>vigintiquinque,</span> <span class='ocrx_word' id='word_1_48' title='bbox 1407 1497 1558 1575; x_wconf 80' lang='lat' dir='ltr'>Domus</span> 
     </span>
     <span class='ocr_line' id='line_1_8' title="bbox 153 1623 1559 1737; baseline 0.001 -37"><span class='ocrx_word' id='word_1_49' title='bbox 153 1623 266 1702; x_wconf 80' lang='lat' dir='ltr'>Nota</span> <span class='ocrx_word' id='word_1_50' title='bbox 292 1629 414 1722; x_wconf 88' lang='lat' dir='ltr'>duos,</span> <span class='ocrx_word' id='word_1_51' title='bbox 439 1628 591 1706; x_wconf 89' lang='lat' dir='ltr'>Domus</span> <span class='ocrx_word' id='word_1_52' title='bbox 616 1631 739 1708; x_wconf 71' lang='lat' dir='ltr'>Sandli</span> <span class='ocrx_word' id='word_1_53' title='bbox 765 1633 921 1730; x_wconf 85' lang='lat' dir='ltr'>Spiritus</span> <span class='ocrx_word' id='word_1_54' title='bbox 946 1633 1191 1737; x_wconf 87' lang='lat' dir='ltr'>quindecim,</span> <span class='ocrx_word' id='word_1_55' title='bbox 1219 1628 1369 1708; x_wconf 86' lang='lat' dir='ltr'>Domus</span> <span class='ocrx_word' id='word_1_56' title='bbox 1397 1629 1442 1704; x_wconf 85' lang='lat' dir='ltr'>de</span> <span class='ocrx_word' id='word_1_57' title='bbox 1466 1623 1559 1706; x_wconf 79' lang='lat' dir='ltr'>Gla·</span> 
     </span>
     <span class='ocr_line' id='line_1_9' title="bbox 156 1749 1563 1855; baseline 0 -27"><span class='ocrx_word' id='word_1_58' title='bbox 156 1754 253 1830; x_wconf 82' lang='lat' dir='ltr'>xiate</span> <span class='ocrx_word' id='word_1_59' title='bbox 276 1759 515 1855; x_wconf 85' lang='lat' dir='ltr'>quindecim,</span> <span class='ocrx_word' id='word_1_60' title='bbox 540 1755 692 1834; x_wconf 90' lang='lat' dir='ltr'>Domus</span> <span class='ocrx_word' id='word_1_61' title='bbox 715 1757 835 1835; x_wconf 78' lang='lat' dir='ltr'>Sandli</span> <span class='ocrx_word' id='word_1_62' title='bbox 857 1758 1036 1838; x_wconf 82' lang='lat' dir='ltr'>Calimeri</span> <span class='ocrx_word' id='word_1_63' title='bbox 1057 1761 1209 1851; x_wconf 86' lang='lat' dir='ltr'>decem,</span> <span class='ocrx_word' id='word_1_64' title='bbox 1232 1755 1382 1832; x_wconf 89' lang='lat' dir='ltr'>Domus</span> <span class='ocrx_word' id='word_1_65' title='bbox 1396 1755 1444 1829; x_wconf 63' lang='lat' dir='ltr'>de‘</span> <span class='ocrx_word' id='word_1_66' title='bbox 1460 1749 1563 1832; x_wconf 81' lang='lat' dir='ltr'>Mar·</span> 
     </span>
     <span class='ocr_line' id='line_1_10' title="bbox 157 1877 1558 1986; baseline 0.001 -27"><span class='ocrx_word' id='word_1_67' title='bbox 157 1885 262 1961; x_wconf 73' lang='lat' dir='ltr'>lieno</span> <span class='ocrx_word' id='word_1_68' title='bbox 292 1883 387 1977; x_wconf 84' lang='lat' dir='ltr'>sex,</span> <span class='ocrx_word' id='word_1_69' title='bbox 422 1881 573 1965; x_wconf 87' lang='lat' dir='ltr'>Domus</span> <span class='ocrx_word' id='word_1_70' title='bbox 599 1887 645 1962; x_wconf 89' lang='lat' dir='ltr'>de</span> <span class='ocrx_word' id='word_1_71' title='bbox 676 1883 896 1966; x_wconf 81' lang='lat' dir='ltr'>Montesorti</span> <span class='ocrx_word' id='word_1_72' title='bbox 924 1889 1084 1981; x_wconf 86' lang='lat' dir='ltr'>decem,</span> <span class='ocrx_word' id='word_1_73' title='bbox 1119 1883 1269 1962; x_wconf 86' lang='lat' dir='ltr'>Domus</span> <span class='ocrx_word' id='word_1_74' title='bbox 1303 1882 1348 1960; x_wconf 84' lang='lat' dir='ltr'>de</span> <span class='ocrx_word' id='word_1_75' title='bbox 1375 1877 1558 1986; x_wconf 78' lang='lat' dir='ltr'>Curugato</span> 
     </span>
     <span class='ocr_line' id='line_1_11' title="bbox 156 2003 1564 2117; baseline 0.001 -35"><span class='ocrx_word' id='word_1_76' title='bbox 156 2029 343 2106; x_wconf 76' lang='lat' dir='ltr'>quatuor,</span> <span class='ocrx_word' id='word_1_77' title='bbox 370 2007 521 2090; x_wconf 90' lang='lat' dir='ltr'>Domus</span> <span class='ocrx_word' id='word_1_78' title='bbox 548 2011 670 2090; x_wconf 74' lang='lat' dir='ltr'>Sancti</span> <span class='ocrx_word' id='word_1_79' title='bbox 700 2011 967 2092; x_wconf 81' lang='lat' dir='ltr'>Bartholomaei</span> <span class='ocrx_word' id='word_1_80' title='bbox 994 2011 1040 2086; x_wconf 90' lang='lat' dir='ltr'>de</span> <span class='ocrx_word' id='word_1_81' title='bbox 1067 2005 1261 2117; x_wconf 63' lang='lat' dir='ltr'>Modoetiq</span> <span class='ocrx_word' id='word_1_82' title='bbox 1289 2005 1379 2100; x_wconf 81' lang='lat' dir='ltr'>lex,</span> <span class='ocrx_word' id='word_1_83' title='bbox 1407 2003 1564 2086; x_wconf 68' lang='lat' dir='ltr'>Domus</span> 
     </span>
     <span class='ocr_line' id='line_1_12' title="bbox 152 2129 1556 2240; baseline -0.001 -30"><span class='ocrx_word' id='word_1_84' title='bbox 152 2137 196 2211; x_wconf 88' lang='lat' dir='ltr'>de</span> <span class='ocrx_word' id='word_1_85' title='bbox 225 2135 443 2215; x_wconf 88' lang='lat' dir='ltr'>Mediovico</span> <span class='ocrx_word' id='word_1_86' title='bbox 471 2144 663 2240; x_wconf 71' lang='lat' dir='ltr'>quirunt,</span> <span class='ocrx_word' id='word_1_87' title='bbox 698 2137 850 2214; x_wconf 87' lang='lat' dir='ltr'>Domus</span> <span class='ocrx_word' id='word_1_88' title='bbox 876 2137 998 2212; x_wconf 75' lang='lat' dir='ltr'>sancti</span> <span class='ocrx_word' id='word_1_89' title='bbox 1029 2132 1225 2214; x_wconf 81' lang='lat' dir='ltr'>Michaelis</span> <span class='ocrx_word' id='word_1_90' title='bbox 1251 2137 1368 2226; x_wconf 71' lang='lat' dir='ltr'>odio,</span> <span class='ocrx_word' id='word_1_91' title='bbox 1405 2129 1556 2209; x_wconf 85' lang='lat' dir='ltr'>Domus</span> 
     </span>
     <span class='ocr_line' id='line_1_13' title="bbox 153 2255 1556 2362; baseline 0.003 -30"><span class='ocrx_word' id='word_1_92' title='bbox 153 2257 198 2334; x_wconf 87' lang='lat' dir='ltr'>de</span> <span class='ocrx_word' id='word_1_93' title='bbox 225 2261 433 2360; x_wconf 78' lang='lat' dir='ltr'>Cnvenngo</span> <span class='ocrx_word' id='word_1_94' title='bbox 458 2285 652 2362; x_wconf 83' lang='lat' dir='ltr'>quatuor,</span> <span class='ocrx_word' id='word_1_95' title='bbox 679 2261 831 2338; x_wconf 91' lang='lat' dir='ltr'>Domus</span> <span class='ocrx_word' id='word_1_96' title='bbox 856 2263 901 2336; x_wconf 88' lang='lat' dir='ltr'>de</span> <span class='ocrx_word' id='word_1_97' title='bbox 928 2260 1039 2340; x_wconf 85' lang='lat' dir='ltr'>Zeno</span> <span class='ocrx_word' id='word_1_98' title='bbox 1067 2262 1190 2352; x_wconf 89' lang='lat' dir='ltr'>duos,</span> <span class='ocrx_word' id='word_1_99' title='bbox 1217 2257 1369 2335; x_wconf 88' lang='lat' dir='ltr'>Domus</span> <span class='ocrx_word' id='word_1_100' title='bbox 1395 2259 1439 2336; x_wconf 88' lang='lat' dir='ltr'>de</span> <span class='ocrx_word' id='word_1_101' title='bbox 1465 2255 1556 2340; x_wconf 84' lang='lat' dir='ltr'>For·</span> 
     </span>
     <span class='ocr_line' id='line_1_14' title="bbox 153 2377 1556 2480; baseline 0.004 -20"><span class='ocrx_word' id='word_1_102' title='bbox 153 2408 257 2461; x_wconf 83' lang='lat' dir='ltr'>noro</span> <span class='ocrx_word' id='word_1_103' title='bbox 286 2388 382 2464; x_wconf 91' lang='lat' dir='ltr'>duos</span> <span class='ocrx_word' id='word_1_104' title='bbox 406 2377 599 2478; x_wconf 84' lang='lat' dir='ltr'>,Domus</span> <span class='ocrx_word' id='word_1_105' title='bbox 625 2387 669 2462; x_wconf 88' lang='lat' dir='ltr'>de</span> <span class='ocrx_word' id='word_1_106' title='bbox 698 2381 827 2462; x_wconf 80' lang='lat' dir='ltr'>Partus</span> <span class='ocrx_word' id='word_1_107' title='bbox 858 2387 1027 2480; x_wconf 84' lang='lat' dir='ltr'>viginti,</span> <span class='ocrx_word' id='word_1_108' title='bbox 1064 2383 1215 2462; x_wconf 87' lang='lat' dir='ltr'>Domus</span> <span class='ocrx_word' id='word_1_109' title='bbox 1240 2382 1360 2461; x_wconf 68' lang='lat' dir='ltr'>Sancii</span> <span class='ocrx_word' id='word_1_110' title='bbox 1390 2381 1556 2466; x_wconf 87' lang='lat' dir='ltr'>Abundii</span> 
     </span>
     <span class='ocr_line' id='line_1_15' title="bbox 150 2507 1554 2610; baseline -0.001 -24"><span class='ocrx_word' id='word_1_111' title='bbox 150 2511 381 2608; x_wconf 85' lang='lat' dir='ltr'>duodecim,</span> <span class='ocrx_word' id='word_1_112' title='bbox 420 2509 571 2588; x_wconf 88' lang='lat' dir='ltr'>Domus</span> <span class='ocrx_word' id='word_1_113' title='bbox 607 2507 729 2590; x_wconf 71' lang='lat' dir='ltr'>sandi</span> <span class='ocrx_word' id='word_1_114' title='bbox 754 2509 948 2589; x_wconf 88' lang='lat' dir='ltr'>Guillelmi</span> <span class='ocrx_word' id='word_1_115' title='bbox 978 2511 1071 2602; x_wconf 84' lang='lat' dir='ltr'>sex,</span> <span class='ocrx_word' id='word_1_116' title='bbox 1098 2507 1255 2586; x_wconf 79' lang='lat' dir='ltr'>Domus</span> <span class='ocrx_word' id='word_1_117' title='bbox 1292 2535 1398 2606; x_wconf 81' lang='lat' dir='ltr'>parva</span> <span class='ocrx_word' id='word_1_118' title='bbox 1435 2511 1554 2610; x_wconf 84' lang='lat' dir='ltr'>duos,</span> 
     </span>
     <span class='ocr_line' id='line_1_16' title="bbox 149 2631 1556 2739; baseline -0.001 -23"><span class='ocrx_word' id='word_1_119' title='bbox 149 2635 305 2716; x_wconf 90' lang='lat' dir='ltr'>Domus</span> <span class='ocrx_word' id='word_1_120' title='bbox 326 2641 448 2718; x_wconf 73' lang='lat' dir='ltr'>Sandli</span> <span class='ocrx_word' id='word_1_121' title='bbox 472 2633 595 2739; x_wconf 81' lang='lat' dir='ltr'>Jacobi</span> <span class='ocrx_word' id='word_1_122' title='bbox 619 2641 663 2716; x_wconf 87' lang='lat' dir='ltr'>de</span> <span class='ocrx_word' id='word_1_123' title='bbox 685 2637 850 2716; x_wconf 89' lang='lat' dir='ltr'>Soncino</span> <span class='ocrx_word' id='word_1_124' title='bbox 867 2655 1050 2736; x_wconf 82' lang='lat' dir='ltr'>quatuor,</span> <span class='ocrx_word' id='word_1_125' title='bbox 1076 2631 1227 2712; x_wconf 89' lang='lat' dir='ltr'>Domus</span> <span class='ocrx_word' id='word_1_126' title='bbox 1239 2637 1284 2712; x_wconf 88' lang='lat' dir='ltr'>de</span> <span class='ocrx_word' id='word_1_127' title='bbox 1300 2633 1450 2711; x_wconf 76' lang='lat' dir='ltr'>Mutina</span> <span class='ocrx_word' id='word_1_128' title='bbox 1468 2631 1556 2728; x_wconf 78' lang='lat' dir='ltr'>sex,</span> 
     </span>
     <span class='ocr_line' id='line_1_17' title="bbox 148 2757 1553 2870; baseline -0.007 -21"><span class='ocrx_word' id='word_1_129' title='bbox 148 2769 306 2849; x_wconf 85' lang='lat' dir='ltr'>Domus</span> <span class='ocrx_word' id='word_1_130' title='bbox 331 2770 375 2844; x_wconf 90' lang='lat' dir='ltr'>de</span> <span class='ocrx_word' id='word_1_131' title='bbox 398 2767 525 2866; x_wconf 85' lang='lat' dir='ltr'>Regio</span> <span class='ocrx_word' id='word_1_132' title='bbox 551 2791 741 2870; x_wconf 82' lang='lat' dir='ltr'>quatuor,</span> <span class='ocrx_word' id='word_1_133' title='bbox 777 2761 929 2844; x_wconf 85' lang='lat' dir='ltr'>Domus</span> <span class='ocrx_word' id='word_1_134' title='bbox 962 2763 1007 2840; x_wconf 90' lang='lat' dir='ltr'>de</span> <span class='ocrx_word' id='word_1_135' title='bbox 1044 2761 1167 2860; x_wconf 85' lang='lat' dir='ltr'>Bttrgo</span> <span class='ocrx_word' id='word_1_136' title='bbox 1204 2759 1326 2840; x_wconf 73' lang='lat' dir='ltr'>saneti</span> <span class='ocrx_word' id='word_1_137' title='bbox 1358 2757 1553 2839; x_wconf 87' lang='lat' dir='ltr'>Domnini</span> 
     </span>
     <span class='ocr_line' id='line_1_18' title="bbox 151 2881 1549 2999; baseline -0.014 -24"><span class='ocrx_word' id='word_1_138' title='bbox 151 2881 338 2999; x_wconf 84' lang='lat' dir='ltr'>quatuor,</span> <span class='ocrx_word' id='word_1_139' title='bbox 365 2893 518 2973; x_wconf 89' lang='lat' dir='ltr'>Domus</span> <span class='ocrx_word' id='word_1_140' title='bbox 542 2895 586 2970; x_wconf 89' lang='lat' dir='ltr'>de</span> <span class='ocrx_word' id='word_1_141' title='bbox 615 2891 829 2972; x_wconf 85' lang='lat' dir='ltr'>Umbriano</span> <span class='ocrx_word' id='word_1_142' title='bbox 855 2893 975 2980; x_wconf 87' lang='lat' dir='ltr'>duos,</span> <span class='ocrx_word' id='word_1_143' title='bbox 1003 2883 1154 2964; x_wconf 87' lang='lat' dir='ltr'>Domus</span> <span class='ocrx_word' id='word_1_144' title='bbox 1179 2885 1224 2962; x_wconf 85' lang='lat' dir='ltr'>de</span> <span class='ocrx_word' id='word_1_145' title='bbox 1251 2885 1405 2986; x_wconf 81' lang='lat' dir='ltr'>Rovigo</span> <span class='ocrx_word' id='word_1_146' title='bbox 1431 2883 1549 2974; x_wconf 86' lang='lat' dir='ltr'>duos,</span> 
     </span>
     <span class='ocr_line' id='line_1_19' title="bbox 152 3009 1658 3112; baseline -0.011 -10"><span class='ocrx_word' id='word_1_147' title='bbox 152 3021 307 3102; x_wconf 86' lang='lat' dir='ltr'>Domus</span> <span class='ocrx_word' id='word_1_148' title='bbox 326 3027 370 3101; x_wconf 89' lang='lat' dir='ltr'>de</span> <span class='ocrx_word' id='word_1_149' title='bbox 391 3021 540 3100; x_wconf 82' lang='lat' dir='ltr'>Zebedo</span> <span class='ocrx_word' id='word_1_150' title='bbox 563 3019 683 3112; x_wconf 87' lang='lat' dir='ltr'>duos,</span> <span class='ocrx_word' id='word_1_151' title='bbox 707 3015 859 3095; x_wconf 87' lang='lat' dir='ltr'>Domus</span> <span class='ocrx_word' id='word_1_152' title='bbox 881 3017 924 3092; x_wconf 89' lang='lat' dir='ltr'>de</span> <span class='ocrx_word' id='word_1_153' title='bbox 946 3013 1168 3090; x_wconf 80' lang='lat' dir='ltr'>Florenzoln</span> <span class='ocrx_word' id='word_1_154' title='bbox 1190 3033 1372 3110; x_wconf 78' lang='lat' dir='ltr'>quatuor,</span> <span class='ocrx_word' id='word_1_155' title='bbox 1399 3009 1551 3090; x_wconf 76' lang='lat' dir='ltr'>Domus</span> <span class='ocrx_word' id='word_1_156' title='bbox 1654 3053 1658 3064; x_wconf 93' lang='lat'><em>·</em></span> 
     </span>
     <span class='ocr_line' id='line_1_20' title="bbox 148 3137 1549 3246; baseline -0.009 -21"><span class='ocrx_word' id='word_1_157' title='bbox 148 3151 192 3227; x_wconf 89' lang='lat' dir='ltr'>de</span> <span class='ocrx_word' id='word_1_158' title='bbox 220 3151 364 3246; x_wconf 74' lang='lat' dir='ltr'>Argiue</span> <span class='ocrx_word' id='word_1_159' title='bbox 391 3147 436 3222; x_wconf 89' lang='lat' dir='ltr'>de</span> <span class='ocrx_word' id='word_1_160' title='bbox 463 3143 649 3222; x_wconf 81' lang='lat' dir='ltr'>Placentia</span> <span class='ocrx_word' id='word_1_161' title='bbox 678 3147 866 3245; x_wconf 86' lang='lat' dir='ltr'>quinque,</span> <span class='ocrx_word' id='word_1_162' title='bbox 890 3139 1044 3222; x_wconf 89' lang='lat' dir='ltr'>Domus</span> <span class='ocrx_word' id='word_1_163' title='bbox 1070 3141 1189 3222; x_wconf 71' lang='lat' dir='ltr'>Stnsti</span> <span class='ocrx_word' id='word_1_164' title='bbox 1219 3137 1433 3236; x_wconf 65' lang='lat' dir='ltr'>Raqmuntt</span> <span class='ocrx_word' id='word_1_165' title='bbox 1461 3159 1549 3237; x_wconf 80' lang='lat' dir='ltr'>qut·</span> 
     </span>
     <span class='ocr_line' id='line_1_21' title="bbox 150 3261 1549 3370; baseline -0.007 -19"><span class='ocrx_word' id='word_1_166' title='bbox 150 3294 261 3370; x_wconf 86' lang='lat' dir='ltr'>tuor,</span> <span class='ocrx_word' id='word_1_167' title='bbox 288 3271 439 3348; x_wconf 87' lang='lat' dir='ltr'>Domus</span> <span class='ocrx_word' id='word_1_168' title='bbox 464 3275 680 3351; x_wconf 87' lang='lat' dir='ltr'>communis</span> <span class='ocrx_word' id='word_1_169' title='bbox 706 3275 749 3348; x_wconf 84' lang='lat' dir='ltr'>de</span> <span class='ocrx_word' id='word_1_170' title='bbox 778 3261 972 3366; x_wconf 79' lang='lat' dir='ltr'>Pergamo</span> <span class='ocrx_word' id='word_1_171' title='bbox 988 3271 1141 3360; x_wconf 87' lang='lat' dir='ltr'>decem,</span> <span class='ocrx_word' id='word_1_172' title='bbox 1168 3265 1319 3342; x_wconf 89' lang='lat' dir='ltr'>Domus</span> <span class='ocrx_word' id='word_1_173' title='bbox 1339 3268 1383 3344; x_wconf 86' lang='lat' dir='ltr'>de</span> <span class='ocrx_word' id='word_1_174' title='bbox 1406 3262 1549 3344; x_wconf 81' lang='lat' dir='ltr'>Rasulo</span> 
     </span>
     <span class='ocr_line' id='line_1_22' title="bbox 150 3389 1548 3495; baseline -0.006 -19"><span class='ocrx_word' id='word_1_175' title='bbox 150 3403 268 3495; x_wconf 86' lang='lat' dir='ltr'>dnos,</span> <span class='ocrx_word' id='word_1_176' title='bbox 298 3400 448 3477; x_wconf 89' lang='lat' dir='ltr'>Domus</span> <span class='ocrx_word' id='word_1_177' title='bbox 474 3403 518 3474; x_wconf 85' lang='lat' dir='ltr'>de</span> <span class='ocrx_word' id='word_1_178' title='bbox 544 3397 730 3474; x_wconf 82' lang='lat' dir='ltr'>Gambara</span> <span class='ocrx_word' id='word_1_179' title='bbox 757 3397 803 3474; x_wconf 88' lang='lat' dir='ltr'>de</span> <span class='ocrx_word' id='word_1_180' title='bbox 831 3395 952 3474; x_wconf 81' lang='lat' dir='ltr'>Brixia</span> <span class='ocrx_word' id='word_1_181' title='bbox 981 3399 1094 3488; x_wconf 74' lang='lat' dir='ltr'>ooo,</span> <span class='ocrx_word' id='word_1_182' title='bbox 1120 3393 1274 3472; x_wconf 84' lang='lat' dir='ltr'>Domus</span> <span class='ocrx_word' id='word_1_183' title='bbox 1299 3393 1345 3470; x_wconf 83' lang='lat' dir='ltr'>de</span> <span class='ocrx_word' id='word_1_184' title='bbox 1372 3389 1548 3472; x_wconf 78' lang='lat' dir='ltr'>Palazolo</span> 
     </span>
     <span class='ocr_line' id='line_1_23' title="bbox 150 3521 1547 3627; baseline -0.003 -24"><span class='ocrx_word' id='word_1_185' title='bbox 150 3551 340 3627; x_wconf 83' lang='lat' dir='ltr'>quatuor,</span> <span class='ocrx_word' id='word_1_186' title='bbox 374 3523 524 3602; x_wconf 89' lang='lat' dir='ltr'>Domus</span> <span class='ocrx_word' id='word_1_187' title='bbox 559 3527 681 3602; x_wconf 73' lang='lat' dir='ltr'>Sandii</span> <span class='ocrx_word' id='word_1_188' title='bbox 720 3525 877 3620; x_wconf 78' lang='lat' dir='ltr'>Philippi</span> <span class='ocrx_word' id='word_1_189' title='bbox 916 3523 1008 3617; x_wconf 84' lang='lat' dir='ltr'>sex,</span> <span class='ocrx_word' id='word_1_190' title='bbox 1042 3523 1194 3618; x_wconf 89' lang='lat' dir='ltr'>Domus</span> <span class='ocrx_word' id='word_1_191' title='bbox 1219 3525 1263 3602; x_wconf 89' lang='lat' dir='ltr'>de</span> <span class='ocrx_word' id='word_1_192' title='bbox 1289 3521 1425 3600; x_wconf 76' lang='lat' dir='ltr'>Curate</span> <span class='ocrx_word' id='word_1_193' title='bbox 1452 3541 1547 3617; x_wconf 84' lang='lat' dir='ltr'>tres,</span> 
     </span>
     <span class='ocr_line' id='line_1_24' title="bbox 152 3643 1545 3756; baseline -0.002 -28"><span class='ocrx_word' id='word_1_194' title='bbox 152 3647 306 3728; x_wconf 85' lang='lat' dir='ltr'>Domus</span> <span class='ocrx_word' id='word_1_195' title='bbox 330 3651 375 3729; x_wconf 87' lang='lat' dir='ltr'>de</span> <span class='ocrx_word' id='word_1_196' title='bbox 402 3651 434 3724; x_wconf 85' lang='lat' dir='ltr'>la</span> <span class='ocrx_word' id='word_1_197' title='bbox 463 3647 576 3724; x_wconf 80' lang='lat' dir='ltr'>Glura</span> <span class='ocrx_word' id='word_1_198' title='bbox 603 3649 752 3744; x_wconf 82' lang='lat' dir='ltr'>decem,</span> <span class='ocrx_word' id='word_1_199' title='bbox 782 3645 934 3724; x_wconf 88' lang='lat' dir='ltr'>Domus</span> <span class='ocrx_word' id='word_1_200' title='bbox 960 3647 1081 3723; x_wconf 73' lang='lat' dir='ltr'>saneti</span> <span class='ocrx_word' id='word_1_201' title='bbox 1112 3643 1372 3726; x_wconf 83' lang='lat' dir='ltr'>Bartholomei</span> <span class='ocrx_word' id='word_1_202' title='bbox 1400 3647 1445 3723; x_wconf 91' lang='lat' dir='ltr'>de</span> <span class='ocrx_word' id='word_1_203' title='bbox 1471 3647 1545 3756; x_wconf 77' lang='lat' dir='ltr'>Ve-</span> 
     </span>
     <span class='ocr_line' id='line_1_25' title="bbox 150 3769 1547 3880; baseline -0.002 -32"><span class='ocrx_word' id='word_1_204' title='bbox 150 3799 241 3852; x_wconf 82' lang='lat' dir='ltr'>rona</span> <span class='ocrx_word' id='word_1_205' title='bbox 256 3799 436 3876; x_wconf 86' lang='lat' dir='ltr'>quatuor,</span> <span class='ocrx_word' id='word_1_206' title='bbox 459 3771 610 3851; x_wconf 88' lang='lat' dir='ltr'>Domus</span> <span class='ocrx_word' id='word_1_207' title='bbox 630 3769 753 3850; x_wconf 63' lang='lat' dir='ltr'>saneti</span> <span class='ocrx_word' id='word_1_208' title='bbox 770 3769 1093 3880; x_wconf 28' lang='lat' dir='ltr'>Chrlllophorilde</span> <span class='ocrx_word' id='word_1_209' title='bbox 1112 3771 1345 3850; x_wconf 80' lang='lat' dir='ltr'>Flumexrllo</span> <span class='ocrx_word' id='word_1_210' title='bbox 1363 3791 1547 3876; x_wconf 80' lang='lat' dir='ltr'>quatuor,</span> 
     </span>
     <span class='ocr_line' id='line_1_26' title="bbox 147 3887 1545 3988; baseline -0.001 -11"><span class='ocrx_word' id='word_1_211' title='bbox 147 3887 298 3978; x_wconf 83' lang='lat' dir='ltr'>Domus</span> <span class='ocrx_word' id='word_1_212' title='bbox 325 3903 367 3975; x_wconf 85' lang='lat' dir='ltr'>de</span> <span class='ocrx_word' id='word_1_213' title='bbox 390 3897 559 3975; x_wconf 81' lang='lat' dir='ltr'>Puranicn</span> <span class='ocrx_word' id='word_1_214' title='bbox 582 3901 626 3974; x_wconf 90' lang='lat' dir='ltr'>de</span> <span class='ocrx_word' id='word_1_215' title='bbox 646 3897 783 3976; x_wconf 79' lang='lat' dir='ltr'>Creme</span> <span class='ocrx_word' id='word_1_216' title='bbox 805 3900 929 3988; x_wconf 85' lang='lat' dir='ltr'>duos,</span> <span class='ocrx_word' id='word_1_217' title='bbox 964 3896 1116 3976; x_wconf 89' lang='lat' dir='ltr'>Domus</span> <span class='ocrx_word' id='word_1_218' title='bbox 1149 3899 1193 3977; x_wconf 88' lang='lat' dir='ltr'>de</span> <span class='ocrx_word' id='word_1_219' title='bbox 1219 3899 1313 3979; x_wconf 85' lang='lat' dir='ltr'>Vico</span> <span class='ocrx_word' id='word_1_220' title='bbox 1336 3901 1384 3978; x_wconf 85' lang='lat' dir='ltr'>de</span> <span class='ocrx_word' id='word_1_221' title='bbox 1411 3897 1545 3979; x_wconf 82' lang='lat' dir='ltr'>Cumis</span> 
     </span>
     <span class='ocr_line' id='line_1_27' title="bbox 149 4021 1545 4122; baseline 0.001 -22"><span class='ocrx_word' id='word_1_222' title='bbox 149 4025 449 4122; x_wconf 80' lang='lat' dir='ltr'>quatuordecim.</span> <span class='ocrx_word' id='word_1_223' title='bbox 474 4021 669 4098; x_wconf 86' lang='lat' dir='ltr'>Dominus</span> <span class='ocrx_word' id='word_1_224' title='bbox 683 4021 856 4122; x_wconf 81' lang='lat' dir='ltr'>liquidem</span> <span class='ocrx_word' id='word_1_225' title='bbox 872 4021 1046 4117; x_wconf 81' lang='lat' dir='ltr'>Magister</span> <span class='ocrx_word' id='word_1_226' title='bbox 1061 4021 1261 4122; x_wconf 83' lang='lat' dir='ltr'>quemlibet</span> <span class='ocrx_word' id='word_1_227' title='bbox 1276 4025 1422 4100; x_wconf 84' lang='lat' dir='ltr'>induent</span> <span class='ocrx_word' id='word_1_228' title='bbox 1439 4021 1545 4102; x_wconf 87' lang='lat' dir='ltr'>Con·</span> 
     </span>
     <span class='ocr_line' id='line_1_28' title="bbox 148 4147 1542 4246; baseline 0.006 -24"><span class='ocrx_word' id='word_1_229' title='bbox 148 4171 299 4224; x_wconf 79' lang='lat' dir='ltr'>ventum</span> <span class='ocrx_word' id='word_1_230' title='bbox 340 4149 384 4223; x_wconf 83' lang='lat' dir='ltr'>ad</span> <span class='ocrx_word' id='word_1_231' title='bbox 425 4147 642 4233; x_wconf 24' lang='lat' dir='ltr'>habendum,</span> <span class='ocrx_word' id='word_1_232' title='bbox 674 4172 870 4222; x_wconf 88' lang='lat' dir='ltr'>numerum</span> <span class='ocrx_word' id='word_1_233' title='bbox 907 4148 1137 4225; x_wconf 81' lang='lat' dir='ltr'>Clericorum</span> <span class='ocrx_word' id='word_1_234' title='bbox 1176 4147 1238 4226; x_wconf 88' lang='lat' dir='ltr'>stbi</span> <span class='ocrx_word' id='word_1_235' title='bbox 1275 4149 1542 4246; x_wconf 63' lang='lat' dir='ltr'>prescriptum.</span> 
     </span>
     <span class='ocr_line' id='line_1_29' title="bbox 148 4243 1659 4375; baseline 0.003 -29"><span class='ocrx_word' id='word_1_236' title='bbox 148 4269 358 4368; x_wconf 88' lang='lat' dir='ltr'>Recipiendi</span> <span class='ocrx_word' id='word_1_237' title='bbox 393 4289 519 4346; x_wconf 81' lang='lat' dir='ltr'>&#39;autem</span> <span class='ocrx_word' id='word_1_238' title='bbox 558 4271 690 4348; x_wconf 87' lang='lat' dir='ltr'>Clerici</span> <span class='ocrx_word' id='word_1_239' title='bbox 729 4271 837 4346; x_wconf 85' lang='lat' dir='ltr'>iciant</span> <span class='ocrx_word' id='word_1_240' title='bbox 871 4292 1123 4365; x_wconf 82' lang='lat' dir='ltr'>competenter</span> <span class='ocrx_word' id='word_1_241' title='bbox 1158 4273 1342 4368; x_wconf 83' lang='lat' dir='ltr'>legere&amp;</span> <span class='ocrx_word' id='word_1_242' title='bbox 1370 4299 1542 4375; x_wconf 80' lang='lat' dir='ltr'>cantate,</span> <span class='ocrx_word' id='word_1_243' title='bbox 1652 4243 1659 4258; x_wconf 48' lang='grc'>’</span> 
     </span>
     <span class='ocr_line' id='line_1_30' title="bbox 150 4395 1542 4494; baseline 0.001 -22"><span class='ocrx_word' id='word_1_244' title='bbox 150 4399 198 4473; x_wconf 80' lang='lat' dir='ltr'>itt</span> <span class='ocrx_word' id='word_1_245' title='bbox 225 4423 262 4476; x_wconf 88' lang='grc' dir='ltr'>ιιι</span> <span class='ocrx_word' id='word_1_246' title='bbox 292 4397 489 4474; x_wconf 84' lang='lat' dir='ltr'>secundum</span> <span class='ocrx_word' id='word_1_247' title='bbox 520 4397 704 4494; x_wconf 74' lang='lat' dir='ltr'>Regulam</span> <span class='ocrx_word' id='word_1_248' title='bbox 734 4395 909 4473; x_wconf 67' lang='lat' dir='ltr'>edificate</span> <span class='ocrx_word' id='word_1_249' title='bbox 933 4399 1075 4472; x_wconf 80' lang='lat' dir='ltr'>valeant</span> <span class='ocrx_word' id='word_1_250' title='bbox 1100 4398 1312 4477; x_wconf 82' lang='lat' dir='ltr'>audientes.</span> <span class='ocrx_word' id='word_1_251' title='bbox 1339 4397 1388 4490; x_wconf 84' lang='lat' dir='ltr'>Et</span> <span class='ocrx_word' id='word_1_252' title='bbox 1416 4405 1458 4480; x_wconf 81' lang='lat' dir='ltr'>ad</span> <span class='ocrx_word' id='word_1_253' title='bbox 1488 4429 1542 4482; x_wconf 79' lang='lat' dir='ltr'>re·</span> 
     </span>
     <span class='ocr_line' id='line_1_31' title="bbox 119 4515 1538 4622; baseline 0.004 -24"><span class='ocrx_word' id='word_1_254' title='bbox 119 4515 121 4520; x_wconf 65' lang='grc'><strong>’</strong></span> <span class='ocrx_word' id='word_1_255' title='bbox 148 4522 348 4620; x_wconf 80' lang='lat' dir='ltr'>cipiendum</span> <span class='ocrx_word' id='word_1_256' title='bbox 377 4527 467 4600; x_wconf 81' lang='lat' dir='ltr'>tales</span> <span class='ocrx_word' id='word_1_257' title='bbox 493 4523 646 4622; x_wconf 87' lang='lat' dir='ltr'>quilibet</span> <span class='ocrx_word' id='word_1_258' title='bbox 672 4519 1041 4622; x_wconf 67' lang='lat' dir='ltr'>contemnensque</span> <span class='ocrx_word' id='word_1_259' title='bbox 1068 4523 1112 4600; x_wconf 82' lang='lat' dir='ltr'>ad</span> <span class='ocrx_word' id='word_1_260' title='bbox 1143 4548 1341 4602; x_wconf 87' lang='lat' dir='ltr'>numerum</span> <span class='ocrx_word' id='word_1_261' title='bbox 1378 4523 1538 4618; x_wconf 78' lang='lat' dir='ltr'>superius</span> 
     </span>
     <span class='ocr_line' id='line_1_32' title="bbox 147 4647 1535 4754; baseline 0.006 -30"><span class='ocrx_word' id='word_1_262' title='bbox 147 4649 425 4731; x_wconf 83' lang='lat' dir='ltr'>determinatum</span> <span class='ocrx_word' id='word_1_263' title='bbox 452 4649 665 4748; x_wconf 82' lang='lat' dir='ltr'>quamcito</span> <span class='ocrx_word' id='word_1_264' title='bbox 692 4649 891 4726; x_wconf 88' lang='lat' dir='ltr'>commode</span> <span class='ocrx_word' id='word_1_265' title='bbox 925 4647 1095 4746; x_wconf 86' lang='lat' dir='ltr'>poterit,</span> <span class='ocrx_word' id='word_1_266' title='bbox 1131 4665 1333 4727; x_wconf 86' lang='lat' dir='ltr'>teneatur.</span> <span class='ocrx_word' id='word_1_267' title='bbox 1368 4647 1482 4754; x_wconf 76' lang='lat' dir='ltr'>Qtod</span> <span class='ocrx_word' id='word_1_268' title='bbox 1510 4653 1535 4733; x_wconf 80' lang='lat' dir='ltr'>lt</span> 
     </span>
    </p>
   </div>
   <div class='ocr_carea' id='block_1_4' title="bbox 1448 4810 1494 4866">
    <p class='ocr_par' dir='ltr' id='par_1_4' title="bbox 1448 4810 1494 4866">
     <span class='ocr_line' id='line_1_33' title="bbox 1448 4810 1494 4866; baseline 0.087 -4"><span class='ocrx_word' id='word_1_269' title='bbox 1448 4810 1494 4866; x_wconf 75' lang='lat' dir='ltr'>ex</span> 
     </span>
    </p>
   </div>
   <div class='ocr_carea' id='block_1_5' title="bbox 0 0 2054 5500">
    <p class='ocr_par' dir='ltr' id='par_1_5' title="bbox 0 0 2054 5500">
     <span class='ocr_line' id='line_1_34' title="bbox 0 0 2054 5500; baseline 0 2"><span class='ocrx_word' id='word_1_270' title='bbox 0 0 2054 5500; x_wconf 95' lang='lat' dir='ltr'> </span> 
     </span>
    </p>
   </div>
  </div>
 </body>
</html>
