4100 5500
523 545 596 636 176
684 541 1126 622 Irlnurrrs'nonnu
1162 545 1666 641 Conscrrrrrrotter

792 749 845 821 De
871 749 1050 851 recipiendo
1076 757 1196 826 Sacros
1219 753 1360 826 Ordines
1373 734 1390 826 .
1409 759 1488 860 Cap.
1509 757 1560 826 ΙΙ.

525 915 622 998 Tem
649 919 839 998 statuimus
861 979 872 1016 ,
897 927 934 1002 dt
961 925 1209 1018 ordinemus,
1239 928 1340 1022 quod
1367 918 1412 1002 d'c
1438 949 1569 1004 carcre
1597 921 1724 1000 nullus
1751 915 1863 994 Frater¹

550 1049 702 1124 Ordinis
723 1049 913 1148 prasumat
943 1055 1097 1147 recipere
1119 1054 1246 1129 Sacros
1270 1053 1455 1147 Ordines,
1481 1049 1626 1130 etiamst
1651 1052 1739 1126 alias
1762 1042 1861 1122 suerit
1897 1047 1898 1052 ’

480 1176 686 1250 licentiatus
715 1202 735 1271 a
761 1175 826 1251 suo
856 1179 1052 1276 reaeposno
1088 1182 1141 1254 vel
1181 1179 1371 1272 Praelaro,
1408 1178 1476 1256 nisi
1512 1176 1622 1256 suerit
1646 1174 1864 1252 examinatus
1940 1203 1941 1206 ¹
1974 1155 1975 1200 3

478 1303 515 1376 ἀ
543 1299 759 1396 approbatus
788 1325 848 1399 per
875 1303 1064 1407 Victripm'·
1087 1303 1189 1388 ,illius
1215 1301 1392 1394 Vicetia,
1420 1304 1459 1377 iu
1486 1326 1557 1401 qur
1582 1299 1633 1378 est
1661 1295 1868 1376 rancor-r
1896 1346 1898 1349 -
1974 1351 1975 1356 i

485 1449 641 1505 venrus.
668 1423 989 1520 Contrasacientes
1017 1425 1087 1500 fint
1114 1424 1270 1522 suspensr
1293 1427 1337 1501 ab
1356 1428 1574 1504 executione
1599 1425 1779 1500 dierorum
1806 1420 1866 1496 Or·
1974 1425 1975 1460 ³

484 1555 644 1645 diuum,
671 1549 783 1649 usque
810 1553 854 1626 ad
882 1551 1113 1626 voluntatem
1140 1549 1301 1626 Domini
1326 1539 1515 1650 Magistri3
1541 1557 1579 1629 ot
1604 1547 1791 1648 Praepofiri
1816 1546 1862 1638 rel
1974 1579 1975 1588 ¹

485 1677 629 1764 Praelati
649 1702 721 1752 eos
748 1663 982 1750 licentiantes
1007 1696 1136 1750 contro
1161 1694 1330 1750 tenorem
1359 1676 1465 1764 huius
1489 1675 1776 1752 Constitutionis
1801 1671 1861 1744 sint

485 1799 642 1897 suspensi
677 1801 722 1877 ab
756 1800 892 1876 Officio
922 1797 1169 1896 Praepofiturae
1206 1804 1261 1876 vel
1296 1799 1533 1878 prelatura.
1568 1801 1748 1876 Volentes
1771 1800 1930 1886 etiam.)

485 1929 645 2001 eandem
680 1951 826 2023 poenam
861 1927 1078 2017 incurrere,-
1114 1926 1175 2022 qui
1209 1921 1527 1998 subdiaconatum
1559 1925 1762 2023 receperint
1792 1939 1866 2000 tute
1973 1964 1974 1967 π

489 2051 706 2128 inchoatum
735 2052 918 2126 decimum
947 2051 1116 2124 ollarum
1143 2073 1309 2140 annum,
1335 2055 1373 2128 dt
1396 2047 1656 2127 Diaconrrum
1676 2069 1761 2127 ante
1780 2051 1864 2146 rige·

491 2179 651 2269 fimum,
678 2180 714 2253 dc
741 2175 995 2254 Sacerdotium
1021 2194 1108 2252 anre
1132 2173 1351 2252 inchoatum
1377 2173 1594 2274 rigefimum
1614 2179 1787 2278 quintum
1809 2197 1865 2263 eu·¹

488 2329 583 2382 num
598 2358 611 2398 ,
636 2307 673 2382 ἀ
700 2297 917 2398 Praepofiros
944 2301 1001 2377 vel
1028 2298 1201 2378 Prolatos
1228 2301 1420 2378 mittentes
1446 2298 1617 2380 eosdem.

718 2510 770 2585 De
793 2508 974 2608 provisione
1000 2516 1169 2587 Fratrum
1190 2504 1465 2586 eliminatorum.
1490 2511 1572 2608 Cap.
1592 2511 1663 2582 111.
1785 2523 1790 2531 ’

487 2677 627 2850 ITe'm
649 2684 870 2780 definimus,
896 2682 994 2786 quod
1018 2709 1096 2760 non
1118 2683 1284 2760 obstante
1304 2681 1585 2759 Constitutione
1611 2683 1782 2782 antiqua,
1806 2677 1869 2776 μοι’

548 2805 623 2882 'fita
644 2807 706 2884 sub
726 2809 884 2886 Robrica
898 2810 941 2882 dc
953 2805 1118 2903 expensis
1135 2807 1418 2898 communibus,
1435 2835 1514 2906 qoae
1532 2835 1600 2905 pro
1613 2809 1754 2886 Ordine
1767 2805 1863 2896 fient,

493 2933 539 3010 de
563 2953 694 3009 caetero
722 2925 915 3030 Praepositi
936 2933 992 3007 vel
1019 2930 1160 3007 Praelati
1183 2934 1225 3016 dt,
1240 2931 1488 3025 Conventus,
1514 2933 1559 3006 ad
1579 2947 1674 3029 lpuos
1700 2929 1862 3008 transmit·

306 3119 309 3128 .
399 3079 402 3084 '
498 3079 622 3136 rentur
647 3059 786 3134 Fratres
812 3056 964 3132 Ordinis
992 3077 1213 3152 procorum
1246 3057 1358 3151 culpis
1383 3058 1662 3152 emendandis,
1695 3052 1865 3132 reneautot

495 3181 631 3262 eisdem
661 3181 841 3257 Fratribus
867 3181 1058 3276 providere
1087 3180 1131 3252 dc
1156 3181 1470 3258 calceamentis&
1494 3183 1701 3256 mutandis:
1728 3170 1866 3275 &quod

496 3307 589 3388 fiant
610 3303 777 3405 expensa
796 3305 835 3388 in
857 3299 941 3376 cibo
953 3353 965 3393 ,
979 3302 1015 3378 dt
1029 3321 1119 3397 potu
1131 3299 1281 3378 samulis
1296 3302 1578 3398 Prapofitorurn
1592 3308 1630 3381 ἀ
1646 3305 1863 3380 Pralatorum

494 3435 732 3529 uenientium
751 3429 804 3528 ad·
817 3426 1032 3524 Capitulum
1045 3425 1231 3503 Genetale
1242 3482 1255 3524 ,
1276 3431 1313 3504 δι
1327 3424 1440 3525 Equis
1454 3428 1685 3534 provideatur
1703 3429 1745 3506 de
1764 3421 1866 3502 sano.

834 3629 887 3704 De
913 3627 1137 3718 instituendis
1159 3625 1375 3706 carceribus.
1401 3633 1480 3726 Cap.
1505 3631 1565 3702 IV.
1718 3627 1723 3644 ’

542 3811 641 3887 Tem
665 3803 886 3896 definimus,
912 3805 1012 3902 quod
1038 3802 1133 3878 infra
1159 3799 1220 3880 sex
1242 3809 1383 3879 menses
1403 3801 1555 3899 quilibet
1579 3802 1741 3878 vicarius
1766 3801 1800 3876 io
1819 3793 1871 3869 slrs

517 4001 523 4015 .
570 3937 762 4014 Vlcariattr
785 3931 915 4007 hubent
943 3925 1071 4001 saltem
1106 3928 1143 4000 in
1179 3952 1259 4002 uno
1286 3912 1409 4021 toco',
1443 3933 1481 4007 &
1509 3932 1700 4027 pluribus,
1736 3925 1873 4002 licom-

500 4059 716 4141 mode-fieri
742 4059 876 4160 poterit
900 4109 911 4147 ,
934 4077 1115 4128 carceres.
1144 4047 1203 4128 Et'
1221 4053 1266 4128 de
1293 4053 1366 4129 hoc
1393 4078 1557 4132 teneatur
1586 4057 1773 4133 Dominus
1803 4044 1880 4124 Ma·-

503 4184 914 4286 gillerinquisrtionem
941 4177 1084 4272 sonere,
1110 4184 1147 4256 ἃ
1172 4203 1303 4276 cogere
1328 4181 1427 4277 quod
1457 4181 1529 4256 hoc
1553 4179 1754 4262 executioni
1782 4193 1872 4250 man·

502 4320 638 4392 detur.
674 4303 721 4385 Et
750 4307 774 4382 sr
802 4293 1003 4382 carceratur
1031 4305 1232 4402 aliquisde
1259 4305 1385 4401 aliquo
1410 4305 1615 4396 Conuentu
1643 4328 1811 4404 paupere,
1834 4293 1876 4372 fil·

502 4443 549 4518 ad
576 4455 795 4514 communes
821 4429 994 4526 expensas
1021 4431 1120 4505 illius
1148 4427 1349 4505 Vicariarus
1372 4432 1433 4508 uel
1458 4427 1641 4509 Ordinis.

1703 4671 1831 4756 DUO-
