3970 6230
345 615 400 672 ttt
432 595 834 681 (intrauerunt
867 599 1139 684 contrata
1175 619 1375 682 antra.
1433 617 1536 694 217·

147 711 198 790 ‘¹⁶
224 714 307 808 iure
329 715 440 819 qnam
467 725 513 803 de
537 719 633 804 fauo
660 728 874 826 procedendi
901 747 1030 806 contra
1055 753 1188 808 omnes
1213 726 1354 808 fatuea
1380 722 1555 824 Prepesi-

148 857 212 917 rns
239 847 280 923 ὰ
315 843 512 944 Preietos,
547 854 585 928 ὅ(
617 853 731 928 etiain
770 852 989 952 Magistrum
1026 853 1253 932 Generaletn
1287 851 1371 930 diiii
1403 845 1557 926 Ordinis

149 967 275 1068 usqne
301 965 346 1046 ad
374 975 619 1072 privationem
647 977 850 1072 inclufive,
871 982 914 1058 tit
939 981 1037 1078 quod
1063 1006 1088 1054 a
1110 975 1251 1056 duabus
1277 974 1436 1076 partibus
1462 969 1557 1069 ipso·

149 1117 244 1170 rum
276 1092 534 1172 Definitotutn
559 1094 668 1175 fuerit
693 1099 916 1196 definitum,
943 1101 1084 1204 roboris
1112 1098 1554 1188 unanimitatem&

147 1218 281 1300 abeis
308 1221 478 1318 appellari
508 1245 586 1298 non
615 1221 719 1318 potita
746 1215 1063 1326 quoquomodo.
1095 1221 1320 1315 'Adjic'ientes
1348 1223 1485 1320 semper
1516 1223 1562 1306 ὄρ.

146 1345 266 1422 omni
294 1367 459 1444 tempore
487 1349 585 1446 quud
610 1346 764 1438 Ordinis
791 1350 903 1426 nollri
931 1347 1129 1454 subditus,
1154 1351 1215 1448 qui
1245 1345 1278 1424 se
1304 1328 1561 1444 aggravatum

145 1491 168 1545 a
197 1467 405 1566 Praepofito
431 1472 487 1547 vei
515 1470 673 1548 Praelat'o
696 1473 905 1570 putaverit,
939 1477 976 1551 ὃ(
1003 1475 1091 1548 alias
1115 1471 1266 1570 dejure
1291 1472 1467 1571 conqueri
1496 1482 1552 1554 vel

119 1597 338 1694 ,illicilum
365 1596 555 1691 potuerit,
591 1593 703 1672 libere
730 1595 833 1696 potin
859 1603 896 1676 it
925 1601 1041 1674 valeat
1077 1595 1300 1677 Genetaiera
1334 1594 1549 1694 Magistrum

144 1726 186 1800 lit
220 1708 442 1795 visitatores
476 1721 574 1796 illius
609 1721 812 1799 Provincia
849 1747 909 1818 pet
943 1723 1130 1817 quereiam
1165 1719 1235 1796 five
1263 1723 1546 1818 appellationem

145 1846 287 1937 adire,
321 1847 358 1921 ὃ(
385 1840 449 1940 ipsa
477 1863 675 1920 teneantur
699 1849 737 1924 ἃ
758 1845 918 1925 debeant
945 1845 1037 1920 iilud
1053 1847 1494 1940 ·gtavameit··relevate‚·
1511 1848 1549 1922 it

145 1987 373 2066 gravantem
388 1967 540 2065 punite:
563 1971 600 2045 ot
622 1966 753 2058 iniuste,
769 1970 1017 2068 appellantem
1040 1965 1109 2070 seu,
1124 1971 1375 2070 querelantem
1396 1970 1552 2067 puniant

144 2098 186 2172 lit
213 2094 410 2171 remittant
438 2093 626 2186 adeum,
660 2117 782 2194 aquo
808 2095 1003 2192 appellavit
1038 2095 1429 2197 ve1,queretavtt.‚si
1457 2117 1552 2172 veru

143 2217 372 2319 Praepofitua
397 2219 453 2294 vel
479 2217 651 2296 Praelatus
676 2211 816 2312 fuerit,
843 2215 917 2295 five
943 2221 1058 2296 etiarn
1083 2217 1289 2326 Subdituaq
1313 2217 1377 2316 qui
1405 2214 1549 2326 segra·

145 2366 282 2424 natum
309 2367 330 2420 a
355 2341 537 2442 Magistro
563 2345 601 2418 &
628 2339 897 2444 Definitoribus
919 2346 973 2420 tei
998 2370 1018 2419 a
1041 2339 1248 2440 Magistro,
1276 2342 1397 2420 solum
1420 2348 1548 2420 autein

145 2475 188 2550 in
217 2495 268 2550 eo
295 2466 647 2570 praesentaverunt
674 2467 769 2542 alias'
786 2445 875 2557 juite
891 2470 1074 2566 -conqueri
1100 2471 1156 2546 vei
1183 2471 1364 2564 appellere
1386 2471 1547 2564 potuerit

145 2620 191 2678 ur
215 2597 320 2696 supra
334 2649 347 2689 ‚
372 2593 483 2670 libere
512 2591 616 2692 poliit
638 2595 676 2670 &
697 2594 812 2670 valeat
839 2589 1069 2668 Definitores
1096 2595 1135 2670 in
1163 2596 1236 2672 illia
1258 2592 1416 2692 partibus
1436 2593 1549 2698 depu-

146 2742 254 2800 tatos
274 2722 467 2819 querelans
485 2716 605 2811 adire,
629 2713 751 2812 &ipii
772 2735 969 2794 teneantur
994 2717 1031 2794 δι
1055 2715 1213 2795 debeant
1236 2717 1326 2794 iliud
1348 2741 1546 2817 gravamen

148 2849 316 2924 relevare
341 2863 384 2920 ut
411 2841 549 2941 supra,
582 2845 620 2919 it
636 2840 817 2935 ‘justitiam
836 2837 994 2936 iacere,
1028 2838 1248 2918 sententiare
1270 2895 1281 2934 ,
1307 2845 1346 2920 δι
1380 2865 1550 2920 revocare

149 2991 356 3067 gravamen
372 2993 384 3060 ς
403 2969 441 3044 &
462 2967 561 3064 quod
585 2987 647 3062 per
666 2965 756 3042 duas
778 2959 1204 3062 parres'faiium'fuerit,
1226 2963 1366 3042 roboris
1384 2966 1549 3046 obtineat

148 3091 393 3174 firmitatem.
418 3091 455 3170 Si
484 3113 571 3168 vero
597 3088 726 3190 aliquis
754 3106 903 3188 aparte
930 3085 1186 3168 Definitorum
1212 3088 1325 3166 eriam
1349 3113 1436 3167 cum
1464 3089 1548 3168 Ma·

148 3217 264 3318 gistru
285 3215 486 3308 Generali,
512 3209 584 3290 five
604 3213 732 3310 aliquis
752 3229 922 3308 gravatus
946 3211 1107 3286 extiterit
1129 3207 1344 3308 Praepnfitus
1371 3216 1426 3291 vel
1452 3214 1545 3292 Prn-

149 3349 251 3421 latus
276 3346 333 3420 vel
358 3340 557 3433 Subditus,
581 3337 691 3414 libere
713 3331 817 3435 pollii
836 3335 1021 3430 &debeat
1047 3335 1091 3411 ad
1118 3337 1208 3412 alios
1230 3333 1458 3417 Definitores
1486 3365 1548 3440 ap·

149 3474 288 3570 pellere
314 3471 369 3546 vel
397 3468 606 3567 querelari3
639 3468 676 3542 nt
702 3460 766 3562 ipfi
793 3479 992 3559 teneantur
1017 3459 1190 3549 iuilitiarn
1217 3459 1370 3557 facete,
1403 3467 1441 3542 δι
1465 3487 1549 3559 gra·
1579 3561 1583 3568 1

149 3619 287 3686 namen
315 3595 496 3670 relevare.
522 3587 572 3664 Et
599 3585 625 3662 ii
653 3586 701 3662 ati
725 3607 856 3661 omnes
876 3579 1113 3692 Definitorea
1132 3585 1389 3680 appellaverit,
1416 3592 1453 3665 δι
1480 3589 1543 3664 de·

148 3714 304 3794 finitum
328 3713 438 3792 fuerit
460 3767 471 3806 ‚
497 3712 649 3788 ulterius
675 3733 753 3784 non
780 3704 885 3805 poffit
914 3707 1121 3802 appellare.
1158 3706 1342 3784 Volumus
1369 3709 1553 3828 inlunem.

149 3841 425 3938 quodpvaediili
447 3837 703 3927 Definirores,
732 3833 776 3910 ad
798 3856 891 3931 quos
909 3827 1016 3906 eausa
1036 3827 1145 3910 fuerit
1171 3831 1317 3929 delata,
1345 3841 1543 3934 procedant

116 4045 118 4052 ,
149 3963 353 4040 secundm
380 3963 509 4040 Deum
534 3965 572 4038 lt
597 3957 837 4050 iustitiam&
862 3956 1103 4054 aequitatem,
1137 3953 1278 4054 semper
1307 3962 1423 4041 oeulis
1449 3987 1542 4059 pra.

147 4089 309 4192 ferendo
326 4091 365 4174 ὃς
384 4085 580 4164 summarie
607 4081 856 4180 procedendo.
885 4079 934 4156 Et
961 4078 1038 4154 huc
1064 4080 1221 4172 omnia,
1248 4077 1320 4156 five
1346 4108 1427 4180 pars
1451 4109 1541 4184 que.

148 4218 274 4295 relatas
301 4212 373 4290 save
397 4213 585 4310 appellans
606 4199 844 4306 'appellaverit
871 4206 911 4278 in
934 4206 1095 4290 termino
1122 4198 1232 4294 iuris,
1261 4201 1332 4280 five
1359 4229 1460 4282 nnn.
1492 4209 1542 4288 Et

149 4367 221 4442 pto
247 4339 418 4440 praedietis
444 4329 618 4410 omnibus
643 4335 680 4409 ὃ(
707 4328 860 4426 lingulis
880 4327 1102 4427 exequendis
1125 4322 1259 4421 pollint
1283 4327 1367 4404 arei
1396 4327 1544 4408 Defini-

151 4487 253 4546 rotes
279 4454 424 4540 B'rachii
452 4459 637 4538 Saecularis
666 4457 861 4554 implorare
885 4453 1087 4530 auxilium.
1112 4447 1430 4532 contrafacientes
1456 4482 1543 4533 vero

154 4593 182 4671 fi
210 4593 354 4670 Fratres
378 4581 541 4678 fuerint,
566 4607 613 4662 eo
638 4579 715 4681 ipso
739 4577 916 4657 omnibus
945 4573 1079 4654 ollibus
1101 4577 1275 4674 legitimis
1300 4581 1337 4654 ὅ(
1364 4601 1452 4653 voce
1472 4577 1547 4657 Ca.

191 4721 302 4793 ·.Tvm.
329 4717 400 4790 111.
830 4699 913 4782 Ee
1390 4699 1498 4796 pituli
