4100 5500
558 584 632 660 144
716 559 1701 650 Hunrtraroau'nconsarrurr'onrs

517 697 726 790 pendantur
753 700 804 772 eis
829 700 1069 792 charitative,
1098 699 1187 776 ficut
1216 704 1255 776 in
1284 701 1431 799 Regula
1460 701 1697 775 continetur:
1723 695 1781 793 qui
1807 677 1886 794 poll·

512 851 622 928 quam
651 829 695 902 ad
722 823 874 902 Domus
900 826 1055 902 Ordinis
1081 829 1371 920 declinaverint,
1400 829 1438 902 itt
1464 822 1623 901 Ecclesra
1647 821 1759 896 Horis
1779 809 1887 896 Cano·

512 955 601 1027 nicis
616 1008 628 1046 ,
654 955 693 1028 in
721 951 959 1045 Refedorio,
987 959 1023 1032 ἀ
1050 955 1090 1028 in
1118 951 1296 1050 Capitulo
1321 951 1523 1051 culparum,
1539 949 1618 1048 post
1644 949 1789 1026 biduum
1809 949 1888 1026 inte·

510 1081 597 1160 telle
625 1095 847 1175 teneantur,
876 1080 963 1158 ficut
992 1081 1134 1160 Fratres
1160 1083 1280 1158 careri
1305 1081 1350 1155 de
1375 1079 1604 1156 Conventu.

789 1297 841 1386 De
865 1293 1008 1392 superfit
1033 1273 1254 1366 communibus
1280 1285 1438 1363 Ordinis.
1465 1291 1547 1382 Cap.
1574 1287 1635 1358 Π.

512 1461 773 1643 EXpenlae,
800 1491 880 1570 qnae
909 1493 974 1565 pro
1000 1467 1144 1544 Ordine
1174 1455 1272 1544 salua
1298 1461 1438 1541 fuerint
1461 1518 1473 1556 ,
1500 1463 1638 1558 plene,
1665 1453 1889 1548 dillinde,&

431 1695 432 1698 Ἴ
616 1589 879 1685 particulariter
900 1595 1075 1690 legantur
1096 1591 1262 1696 quolibet
1279 1613 1382 1665 anno
1400 1612 1524 1664 cutam
1542 1585 1745 1697 Praepofitis
1761 1590 1795 1662 bc
1811 1582 1889 1659 Pra-

509 1717 623 1810 latis,
662 1719 707 1793 ad
732 1715 942 1795 faciendum
972 1723 1132 1795 rationes
1159 1721 1281 1795 cledis
1309 1721 1349 1794 in
1373 1715 1550 1816 Capitulo
1575 1712 1785 1804 Generali,
1817 1731 1888 1806 pra·

512 1841 616 1917 sente
638 1841 814 1920 Domino
838 1843 1017 1939 Magistro
1038 1849 1074 1921 dc
1099 1843 1307 1920 Canevario
1330 1842 1421 1936 suo,
1447 1847 1484 1920 dt
1509 1837 1746 1939 postmodum
1773 1833 1892 1934 inipso

513 1965 691 2064 Capitulo
720 1972 832 2068 pleno
860 1973 1032 2066 legantur
1060 1973 1098 2045 itt
1127 1967 1269 2045 summa
1297 1987 1474 2044 tantum.
1504 1967 1554 2043 Et
1582 1965 1691 2065 poffrt
1721 1991 1760 2042 ac
1782 1963 1890 2040 debeat

511 2091 706 2170 Dominus
732 2081 911 2191 Magister
937 2117 998 2189 per
1025 2089 1060 2168 se
1089 2099 1143 2171 vel
1174 2121 1235 2194 per
1261 2098 1378 2172 alium
1405 2096 1467 2172 seu
1493 2097 1586 2171 alios
1610 2095 1771 2172 mutuari
1793 2115 1893 2191 quan·

509 2239 752 2320 tumcnmqne
788 2217 971 2295 ridebitur
1008 2217 1105 2312 fibi,
1139 2225 1176 2298 dt
1211 2220 1376 2317 obligare
1410 2218 1602 2312 cujuslibet
1637 2225 1737 2298 bona
1764 2221 1893 2298 Domus

436 2337 437 2342 ¹
514 2345 691 2442 Ordinis,
718 2327 890 2440 Domos‚
918 2345 1115 2426 Fratres&
1140 2331 1362 2424 Conventus
1385 2339 1510 2446 qtiii'n
1537 2347 1748 2426 obedientia
1767 2345 1894 2422 Ordinis

513 2469 623 2567 sunt,
649 2476 686 2553 dc
714 2473 889 2550 hedenus
915 2473 1141 2568 extiterunt,
1169 2478 1207 2553 dt
1236 2499 1301 2571 pro
1328 2475 1434 2553 censu
1457 2473 1663 2571 solvendo,
1690 2481 1727 2555 dt
1755 2471 1889 2574 Apollo·

398 2668 406 2680 ,
464 2702 466 2709 Ι
511 2601 636 2675 lorum
662 2583 855 2674 liminibus
883 2600 1091 2691 vibrandis,
1120 2603 1157 2677 dc
1184 2599 1316 2676 salario
1340 2599 1623 2696 Syndicorum,
1643 2627 1712 2682 nec
1738 2629 1811 2679 non
1835 2625 1890 2699 pto

510 2727 590 2802 aliis
610 2723 782 2821 ,expensas
819 2751 883 2823 pro
919 2726 1080 2831 utilitate
1108 2719 1260 2798 Ordinis
1294 2723 1332 2797 in
1368 2723 1546 2802 Romana
1569 2727 1690 2805 Curia
1719 2723 1892 2804 necessario

515 2851 721 2946 faciendis.
757 2848 804 2926 Et
834 2848 859 2924 st
888 2875 966 2948 qttae
994 2850 1073 2929 aliae
1103 2871 1181 2923 non
1208 2847 1388 2926 consueta
1414 2847 1554 2926 fuerint
1579 2849 1787 2946 lactanda,
1820 2849 1888 2926 Do·

511 2979 638 3055 minus
659 2961 830 3076 Magiller
855 2975 957 3074 stapes
980 2977 1039 3052 his
1054 2973 1220 3076 expensas
1240 2975 1414 3054 faciendis
1427 2997 1608 3055 convocet
1626 2979 1792 3058 solemne
1805 2979 1888 3056 Con·

510 3103 659 3196 filium,
685 3109 722 3180 dc
750 3105 795 3179 ad
822 3101 938 3199 ipsum
967 3125 1021 3178 tot
1049 3124 1227 3180 convocet
1253 3106 1299 3181 de
1327 3103 1594 3204 praepositis&
1619 3107 1890 3185 Praelatisextra

512 3231 774 3311 Mediolanum
800 3250 891 3329 quot
921 3219 1088 3306 habuerit
1119 3229 1163 3304 de
1194 3228 1444 3308 Mediolano.
1479 3229 1526 3307 Et
1556 3231 1582 3307 st
1611 3237 1721 3311 aliter
1746 3225 1896 3329 expensa

511 3355 801 3450 ladasdeum,
828 3379 906 3430 non
936 3373 1103 3432 teneatur
1126 3355 1360 3434 contribuere
1388 3358 1449 3432 illa
1479 3383 1582 3452 pars,
1609 3385 1694 3457 qnae
1722 3362 1767 3438 src
1791 3379 1889 3456 aqua·

514 3487 598 3561 liter
625 3508 704 3559 non
732 3477 842 3558 luerit
871 3501 1075 3557 convocata
1098 3479 1212 3572 ‚nin
1240 3479 1340 3556 casus
1367 3477 1504 3556 subitus
1531 3489 1730 3580 eveniret,
1766 3501 1892 3583 Propter

513 3640 624 3715 quem
654 3638 735 3690 nou
763 3593 874 3710 nollet
904 3613 952 3688 ita
981 3607 1148 3687 solemne
1174 3609 1372 3686 consilinm
1408 3609 1455 3716 fic
1483 3613 1659 3719 velociter
1686 3635 1890 3690 convocare.

513 3741 676 3819 Famulis
699 3756 821 3815 autem
846 3737 883 3814 dt
909 3736 1137 3834 equis,quos
1166 3734 1350 3833 Praeposui
1378 3737 1431 3809 vel
1459 3733 1603 3813 Praelati
1627 3741 1671 3816 ad
1693 3737 1895 3839 Capitulum
1975 3809 1976 3838 Ν

443 3945 448 3953 ,
514 3864 720 3958 duxerint,
744 3885 822 3937 nou
846 3887 865 3936 a
887 3859 1173 3935 Communitate
1195 3857 1348 3934 Ordinis
1364 3857 1528 3950 expensa
1546 3916 1557 3956 ,
1578 3861 1635 3938 scd
1658 3891 1678 3941 a
1701 3863 1896 3943 ducentibus
1975 3893 1976 3966 ᾗ

517 3995 603 4072 illos
624 4045 636 4087 ,
661 4008 762 4068 extra
790 3983 908 4086 ipsum
936 3986 1154 4083 Capitulum
1183 3981 1298 4060 fiant.
1325 3983 1509 4062 Fratribus
1532 4012 1713 4089 quoque,
1742 3990 1810 4068 suis
1832 3988 1895 4065 etti·
1975 4029 1976 4044 κ

515 4117 687 4217 gentibus
699 4110 813 4212 culpis
826 4114 869 4188 de
884 4109 1246 4206 Domibusemiffis,
1268 4113 1304 4186 in
1328 4115 1399 4188 illis
1420 4115 1699 4209 Consentlbus,
1723 4119 1760 4194 in
1783 4117 1895 4218 quibus
1975 4121 1976 4176 3

514 4243 696 4320 Ordinem
725 4239 808 4316 sunt
836 4233 1000 4335 proserii,
1028 4259 1103 4314 tarn
1125 4239 1169 4314 de
1191 4238 1365 4313 omnibus
1388 4237 1541 4315 vestibus
1565 4244 1602 4317 ἀ
1626 4231 1893 4333 calceamentis,
1975 4281 1976 4326 1

510 4357 692 4480 quamde
719 4363 964 4446 condudliorte
992 4387 1199 4460 pannorum
1228 4361 1401 4457 litorum,
1428 4368 1464 4442 bt
1491 4367 1605 4442 ctiam
1633 4361 1893 4456 Personarum,

510 4525 645 4579 omnes
672 4497 815 4598 penitus
843 4489 1007 4587 sumptus
1033 4482 1152 4562 fiant.
1191 4481 1317 4582 Quum
1347 4512 1434 4562 vero
1459 4489 1654 4587 contigerit
1685 4489 1890 4569 Dominum
1975 4471 1976 4482 ἵ

511 4623 734 4728 Magistrum
753 4619 798 4698 ad
819 4609 995 4696 Domum
1008 4615 1168 4713 aliquam
1184 4613 1392 4710 declinare,
1413 4611 1554 4691 Fratres
1575 4616 1673 4693 illius
1697 4617 1892 4696 Dumnaci

1738 4745 1856 4827 &Pa-
1975 4731 1976 4810 l
