3970 6230
500 569 576 648 204
660 553 1110 642 Hournrnnounsr
1148 561 1644 646 Cousrrnnnroues
1765 615 1777 634 -.

440 693 506 747 tno
536 657 736 774 'trigesimo
771 686 899 784 sexto,
933 689 1019 767 ldus
1051 689 1245 784 Onobris,
1278 690 1521 772 Pontificatus
1554 691 1640 768 dior
1673 685 1843 766 Domini

440 789 548 893 Papa
588 825 692 881 anno
732 809 866 907 sexto,
907 839 991 890 curn
1032 811 1140 892 Bulla
1180 814 1349 913 plumbea
1388 818 1433 894 ed
1469 817 1662 893 cordulam
1695 815 1839 912 canapis

438 922 600 1019 apenl‘a,
627 953 730 1008 more
757 933 942 1011 Romana
969 937 1124 1013 Curiae.

544 1051 713 1160 Quarum
751 1062 900 1160 quidem
940 1063 1167 1140 Litterarum
1211 1085 1320 1144 tenor
1354 1071 1393 1150 &
1429 1066 1534 1146 series
1570 1066 1765 1168 sequitur,
1802 1071 1839 1147 dt

438 1171 488 1249 est
516 1179 621 1254 talis:

514 1383 655 1479 Eugenii
680 1390 776 1484 Papae
802 1391 929 1480 Quarti
954 1394 1095 1470 Littera
1123 1392 1225 1494 super
1248 1398 1305 1469 hoc
1338 1393 1406 1494 ipso
1427 1396 1585 1471 senerata·
1610 1397 1769 1497 Capitale

576 1517 579 1524 '
665 1511 992 1606 rud-Reca'natensem
1018 1513 1059 1595 O
1087 1519 1351 1616 Maeerutensem
1385 1518 1609 1618 Episcopum,

846 1647 905 1742 qui
929 1647 1032 1724 eidem
1053 1653 1243 1771 presideat.
1277 1657 1356 1750 Cap.
1384 1655 1437 1726 ll.

436 1759 678 1984 EUgenitts
705 1811 902 1912 Episcopus
928 1819 1062 1896 Servus
1088 1804 1288 1900 Servorum
1315 1823 1391 1900 Dei
1413 1823 1624 1900 Venerabili
1647 1823 1829 1920 Thomas,
1961 1913 1962 1958 ἲ

543 1931 784 2032 Recanatenst
810 1942 846 2016 dr
869 1938 1110 2036 Maceratensr
1132 1919 1313 2048 Episcopo
1335 1947 1501 2026 Salutem
1524 1953 1561 2028 δι
1583 1949 1834 2058 Apostolicaru

437 2041 766 2132 Benedidiionem.
805 2060 1000 2136 Personam
1030 2084 1134 2140 tuam
1161 2063 1343 2148 Nobis&
1371 2069 1591 2170 Apostolicae
1617 2077 1700 2154 Sedi
1728 2079 1834 2156 devo·

436 2193 540 2268 tam,
567 2181 637 2253 tuis
664 2183 896 2279 exigentibus
931 2189 1093 2281 meritis,
1129 2211 1279 2286 paterna
1313 2195 1571 2276 benevolentia
1609 2203 1832 2305 prosequen-

435 2317 516 2392 tes,
551 2302 614 2379 illu
649 2303 714 2380 tibi
752 2307 906 2386 libenter
941 2317 1238 2410 committimus,
1273 2345 1335 2418 per
1368 2347 1447 2420 quae
1473 2323 1720 2406 Personarum
1747 2357 1834 2430 qua·
1961 2353 1962 2356 ’

433 2425 604 2512 numlibet
639 2426 703 2504 snb
737 2433 944 2532 Religionis
979 2439 1106 2514 habitu
1136 2441 1322 2519 Altilsrmo
1357 2434 1626 2531 famulantium
1656 2457 1762 2534 siatui
1797 2463 1832 2535 dt

433 2550 625 2628 dirediioni
652 2557 772 2632 debite
798 2559 1032 2655 consulatur,
1062 2567 1279 2665 illarumque
1300 2545 1527 2650 Monalleria
1552 2573 1705 2656 Domni
1727 2601 1832 2682 atque

433 2683 514 2755 loca
550 2679 764 2758 salutaria
755 2710 792 2759 tn
831 2685 1071 2797 spiritualibus
1105 2695 1141 2769 dr
1178 2696 1445 2789 temporalibus
1484 2683 1728 2798 suscipiant
1716 2729 1831 2782 incre·

433 2827 586 2880 ments.
623 2803 761 2881 Cum
751 2829 872 2908 itaque
902 2836 1015 2908 nuper
1046 2811 1474 2922 GeneraleCapitulutn
1502 2823 1656 2902 Ordinis
1692 2829 1829 2917 Hunni·

434 2931 649 3006 liatorunt
639 2957 678 3005 tn
705 2931 762 3036 die
788 2927 878 3006 sello
907 2931 1028 3010 Sandii
1064 2935 1172 3012 Lucae
1208 2943 1374 3036 proxime
1407 2941 1535 3021 futuro
1571 2950 1827 3030 inchoandum
1961 2939 1962 3070 l

430 3058 471 3129 in
499 3056 632 3130 Domo
660 3055 718 3129 sen
746 3027 978 3136 Monallerio
1015 3059 1184 3137 Fratrum
1211 3065 1294 3140 diiii
1329 3065 1482 3146 Ordinis
1515 3076 1704 3154 Civitatis
1717 3081 1826 3160 Man

431 3204 526 3272 tuae,
551 3186 586 3256 bc
614 3182 657 3253 de
685 3177 826 3280 speciali
855 3181 1031 3256 mandato
1068 3166 1240 3260 celebrari
1273 3189 1426 3283 debeat;
1461 3175 1544 3272 Nos
1577 3204 1622 3275 de
1651 3187 1823 3299 multipli·
1961 3207 1962 3292 l

431 3335 514 3386 cnm
545 3329 721 3384 virtutum
748 3308 883 3402 donis
918 3277 1049 3407 quibus
1080 3312 1275 3390 Personam
1312 3340 1414 3396 tuam
1443 3349 1481 3398 tn
1512 3329 1672 3420 pluribus
1700 3358 1740 3406 ac
1768 3359 1819 3404 ar
1961 3315 1962 3394 l

430 3437 513 3510 duis
542 3431 671 3509 noilris
697 3437 734 3510 ἃ
761 3431 945 3508 Romanas
972 3429 1139 3511 Eccleliae
1166 3441 1323 3536 negotiis
1351 3469 1412 3540 per
1440 3467 1474 3523 te
1504 3447 1677 3529 basientts
1705 3461 1823 3532 laudi

433 3555 556 3642 bilirer¹
579 3559 759 3652 exacutis,
786 3560 1028 3658 cognovimus
1055 3560 1294 3660 infigniram‚
1330 3569 1513 3663 plenam
1504 3601 1540 3648 tn
1572 3578 1749 3658 Domino
1784 3583 1821 3658 fi.

426 3685 570 3760 dutiatn
600 3687 837 3782 obtinentes,
863 3707 903 3757 ac
931 3681 1112 3781 sperantes
1138 3691 1235 3784 qood
1263 3715 1329 3781 ea,
1355 3719 1438 3794 qnae
1461 3698 1523 3772 tibi
1545 3709 1813 3784 committenda

348 3797 350 3802 ’
424 3811 664 3898 duxerimus,
689 3806 843 3880 fideliter
872 3809 1057 3904 exequeris
1084 3813 1120 3885 dc
1149 3811 1372 3905 prudentcr3
1371 3819 1510 3914 &per
1533 3844 1633 3902 tuam
1663 3835 1817 3924 pruden-

276 3904 279 3919 ⁸
397 3935 515 4010 ⁴tiam
543 3929 834 4027 circumspediam
863 3935 900 4006 dc
927 3930 1081 4006 {ludium
1110 3931 1275 4012 fruunos
1257 3939 1334 4014 sum
1372 3939 1556 4039 Praepnstti
1583 3955 1617 4028 δι
1647 3947 1817 4055 Religion

423 4055 563 4160 praesati
588 4053 765 4144 Ordinis,
793 4075 996 4150 eorumque
1023 4053 1248 4136 Monalleria
1270 4061 1420 4140 Domus
1445 4073 1480 4146 ὃ(
1506 4073 1585 4148 loca
1606 4077 1813 4166 huiusmodi

423 4313 596 4408 scipiant,
623 4283 813 4385 salubriter
838 4310 1026 4406 pro-ridere
1054 4309 1243 4386 volentes:
1269 4311 1325 4388 Te
1354 4316 1752 4432 prasentrcapttutop
1756 4360 1813 4414 rar-

422 4438 599 4514 fidentem
626 4457 671 4508 ex
708 4455 809 4504 nunc
843 4433 1071 4506 Austorirate
1108 4433 1315 4529 Apoliolict
1349 4435 1504 4518 facimus
1531 4453 1810 4554 constituimus,

421 4571 459 4644 dr
486 4565 598 4692 etiam
624 4559 865 4652 deputamus,
891 4551 977 4631 Tibi
1011 4555 1259 4635 nihilominus
1281 4565 1459 4658 quamdiu
1481 4569 1697 4670 Capitulum
1725 4609 1808 4680 prae·

397 4185 553 4288 ¹debitur
580 4179 854 4260 reformationis
881 4180 1057 4258 beneficio
1083 4189 1289 4281 gaudeant,
1316 4195 1352 4267 dc
1378 4213 1500 4287 optata
1528 4211 1729 4284 commoda
1756 4211 1810 4289 su·

1651 4699 1768 4784 satum
1833 4749 1836 4762 ·
