4100 5500
418 621 910 700 ruGuuusnaruus
947 622 1447 701 Courcrrsraorrae.
1515 629 1585 706 117

648 831 700 900 De
728 828 978 912 Communium.
1017 836 1099 928 Cap.
1125 832 1229 916 xlll,

205 1037 233 1065 .·
320 994 644 1082 Ommunicabunt
672 1025 796 1080 antem
824 1003 966 1083 Fratres
991 1006 1204 1084 &Sorores
1231 1004 1267 1078 in
1291 1001 1407 1076 Anno
1429 997 1561 1074 sexies:
1591 994 1629 1068 io

346 1125 549 1216 Nativitare
578 1126 765 1219 Domini,
801 1129 839 1202 in
868 1125 986 1204 Coena
1023 1127 1214 1224 Domini,
1248 1134 1289 1206 in
1325 1128 1462 1208 Pascha
1499 1123 1632 1204 Resur-

228 1249 402 1324 rectionis
428 1249 618 1344 Domini,
646 1257 684 1327 in
714 1253 951 1348 Pentecoste,
977 1257 1018 1332 in
1046 1257 1307 1356 Assumptione
1329 1257 1452 1336 Beate
1478 1253 1626 1345 Marcie,

223 1377 269 1454 in
296 1376 401 1495 Pelio
428 1377 611 1460 Omnium
646 1385 893 1463 saeuorum.
929 1385 1276 1462 Communicabunt
1312 1407 1436 1461 autem
1473 1409 1559 1460 cnm
1588 1383 1629 1456 ti·

225 1529 335 1582 more
361 1503 525 1582 Domini
552 1508 697 1604 expleta
722 1506 855 1601 Missa,
887 1511 987 1605 prius
1016 1505 1107 1586 fassa
1134 1509 1374 1610 Indulgentia
1412 1535 1492 1610 qun
1518 1509 1628 1584 debet
1676 1521 1679 1528 '

227 1631 306 1711 fieri
336 1659 356 1710 a
383 1629 578 1710 Sacerdote
604 1637 748 1710 dicente
779 1635 951 1711 Missam.
993 1636 1040 1713 Er
1069 1636 1145 1736 post
1180 1637 1510 1716 communionem
1541 1659 1628 1730 prae·

222 1757 355 1834 beatur
381 1757 667 1836 omnibnse'um
696 1762 805 1835 calice
841 1764 895 1838 vel
932 1761 1057 1859 seipho
1090 1763 1135 1837 sd
1162 1787 1256 1858 opus
1282 1764 1462 1859 deputato
1497 1763 1628 1838 vinum

225 1887 495 1962 tantummodo
523 1911 599 1960 non
628 1885 901 1963 consecratum:
932 1889 1076 1964 Vinum
1103 1889 1207 1990 enim
1229 1883 1480 1967 consecratum
1502 1893 1630 1994 nullus

225 2009 385 2104 recipere
419 2009 526 2086 debet
562 2033 707 2106 propter
747 2009 937 2089 effrrfionis
978 1991 1180 2111 pericnlum
1217 2016 1410 2095 vitandum
1439 2017 1531 2111 (8),
1561 2021 1628 2098 nist

198 2154 373 2216 ‚lantum
400 2160 515 2236 quum
544 2132 690 2212 Missam
716 2137 902 2214 celebrant
930 2139 1164 2216 Sacerdotes.
1190 2139 1322 2216 Altate
1345 2165 1433 2218 uero
1457 2142 1499 2218 srt
1522 2165 1626 2242 extra

198 2261 426 2356 ‚cuorum
461 2262 521 2340 ubi
550 2258 726 2340 Mulieres
742 2260 916 2360 ⁴forenses
946 2263 1015 2344 sive
1050 2263 1246 2344 Saeculares
1271 2269 1626 2356 communicentur.

556 2431 559 2436 Ι
682 2475 735 2554 De
760 2471 923 2546 silentio.
963 2479 1044 2569 Cap.
1071 2477 1164 2547 XIV.

287 2645 465 2723 lleutium
494 2644 632 2722 solicite
660 2646 750 2732 locis
775 2651 812 2724 δι
840 2646 1066 2742 temporibus
1098 2645 1229 2722 debitis
1262 2645 1498 2744 observetur,
1534 2653 1623 2732 licut

310 2776 350 2848 in
380 2776 522 2873 Regula
547 2776 786 2851 continetur.
822 2774 967 2868 Fratres
1000 2795 1124 2852 autem
1161 2776 1293 2875 ubique
1329 2798 1430 2855 extre
1459 2775 1626 2858 Reseslo·

215 2901 317 2976 tium
353 2900 392 2974 in
429 2890 560 2976 Mensa
596 2898 782 2976 silentium
823 2921 972 2977 teneant
994 2907 1118 2993 ,'tam
1155 2897 1341 2995 Praepositi
1377 2929 1488 3002 quam
1526 2907 1623 3001 alii,

194 3046 371 3122 ίοιιοεριο
396 3051 477 3102 uno
499 3027 560 3124 qui
591 3023 708 3113 major
736 3027 775 3099 iu
805 3023 936 3100 Mensa
970 3025 1084 3101 ,suerit
1120 3029 1216 3116 inter
1243 3051 1331 3122 eos,
1370 3030 1424 3104 rel
1461 3033 1536 3106 alio
1562 3027 1621 3106 cui

214 3154 329 3265 loqui¹
348 3149 599 3228 commiserit.
639 3152 775 3230 Nullus
801 3173 928 3231 antem
955 3155 1115 3230 aliorum
1154 3156 1288 3246 luidem
1326 3157 1523 3258 loquatur,
1551 3157 1621 3234 nist
1737 3201 1740 3208 ·

213 3279 263 3357 de
291 3269 491 3352 necessariis
518 3275 682 3369 Mense,
715 3281 753 3355 ὅ(
781 3279 852 3354 hoc
879 3280 1034 3355 breviter
1061 3285 1098 3358 ὅ(
1127 3278 1293 3361 submissa
1329 3263 1444 3378 voce,
1480 3285 1547 3360 oifi
1574 3286 1620 3362 de

189 3403 366 3491 ,licentia
392 3398 685 3497 Episcoporum,
712 3401 769 3476 vel
798 3403 955 3479 aliorum
979 3429 1301 3506 quorumcumque
1321 3405 1511 3488 Ordinum
1537 3410 1620 3488 Ma·

190 3575 193 3583 .
214 3525 414 3622 glutorum
449 3525 719 3618 Generalium,
752 3530 807 3603 vel
845 3527 1004 3604 Domini
1045 3526 1212 3623 Magistri
1248 3534 1420 3632 licentia.
1452 3539 1499 3612 si
1537 3542 1620 3638 quis
1742 3595 1743 3602 κ

181 3651 291 3740 „hoc
325 3653 470 3752 fregerit
505 3679 550 3730 ex
584 3651 801 3751 proposito,
833 3677 948 3752 prenae
982 3653 1192 3752 subjaceat,
1225 3675 1265 3735 ut
1300 3660 1347 3734 in·
1375 3659 1538 3742 Rubriea
1571 3667 1618 3746 de

213 3783 333 3884 poenis
359 3783 472 3883 culpoe
498 3777 671 3856 lenioris.

1032 3894 1040 3930 l

176 4344 181 4355 '
206 4333 252 4412 (Ι)
270 4333 335 4405 Jam
353 4333 473 4392 sxlll.
492 4329 669 4402 soecnlospud
683 4329 828 4388 onrmnllas
836 4329 887 4386 Ee-
939 4317 940 4320 ¹
968 4327 999 4385 in
1018 4326 1140 4384 Ecclesrr
1160 4337 1315 4398 tecepsmn.
1334 4323 1454 4390 videndi
1465 4325 1560 4384 insede
1579 4343 1611 4384 se

247 4431 343 4490 clessas
371 4430 539 4504 frequentior
558 4447 618 4486 mos
638 4429 809 4495 invaluerat,
828 4429 895 4486 telle
969 4423 1130 4496 Thenlngi,
1148 4423 1195 4496 qui
1216 4423 1536 4486 Eucharistioesubuniea
1549 4425 1611 4496 spe.

248 4533 289 4596 D.
309 4531 421 4590 Thomu
442 4530 498 4588 lll.
525 4527 604 4589 Part.
634 4525 895 4602 Quen.21.xxx.
969 4526 1012 4584 cie
1030 4522 1213 4600 sumptionem
1232 4525 1422 4600 antiquissimis
1443 4523 1506 4596 ipsrs
1519 4525 1612 4581 Eccle-

247 4641 313 4693 Art.
331 4630 402 4690 xll.
428 4645 457 4688 ut
477 4627 524 4690 sub
549 4625 604 4688 sola
624 4623 701 4698 panis
722 4617 807 4697 specie
827 4625 883 4683 Eu·
959 4621 1004 4682 lioe
1021 4623 1190 4695 temporibus
1221 4621 1377 4695 usurpatam
1396 4621 1535 4682 interdurn
1560 4639 1609 4696 ap-

253 4724 416 4796 ‹harllliatn
441 4725 592 4804 funereum
617 4723 692 4800 qnod
716 4738 775 4784 torn
793 4721 893 4784 deinde
930 4773 935 4782 .
968 4719 1165 4795 probetamque
1183 4718 1351 4780 ostendunt.
1376 4776 1380 4786 ,
