4100 5500
402 613 456 668 ru
490 591 895 680 Gennnatrens
929 603 1205 690 Conrrtre
1242 629 1454 692 enirn..
1514 625 1587 700 παρ

222 700 371 789 Praeirti
401 713 625 818 suprascripti
652 727 790 824 eligent
826 732 959 828 viginti
987 756 1145 837 quatuor
1180 736 1391 830 Eteuores,
1415 732 1633 834 Propositus

212 835 351 916 scilicet
376 843 596 943 duodecim,
622 855 659 932 dt
689 851 862 932 Praedator
886 859 1112 956 duodecim,
1137 865 1329 964 dequibus
1349 861 1421 942 stnt
1448 866 1510 962 sen
1532 861 1632 938 Pru·

210 965 353 1066 pofiti,
378 971 416 1048 dt
443 971 505 1052 sex
532 969 675 1054 Praelati
701 980 748 1056 de
775 981 1020 1081 Mediolano,
1040 993 1077 1068 dt
1099 989 1160 1066 sex
1181 989 1371 1090 Praepofiti
1392 994 1430 1071 dt
1450 991 1509 1068 serr
1534 989 1634 1074 Pru:

211 1097 283 1174 lati
309 1117 412 1176 extra
440 1103 729 1184 Mediolanum·
768 1109 841 1212 lpst
868 1138 957 1194 vero
992 1117 1289 1216 vigintiquatuor
1325 1117 1516 1216 postquam
1547 1111 1629 1196 fue·

225 1225 303 1304 rint
332 1233 545 1328 nominati,
578 1238 615 1314 dc
653 1242 745 1318 nulli
783 1243 870 1337 aiii,
896 1245 1113 1320 claudentur
1148 1267 1281 1321 omnes
1314 1245 1354 1319 in
1383 1267 1457 1324 una
1483 1243 1624 1335 domn,

228 1379 307 1432 non
336 1359 504 1458 egreffuri
531 1366 644 1459 inde,
677 1366 742 1442 sed
764 1391 883 1466 neque
908 1366 1031 1448 cibum
1065 1365 1270 1467 sumpturi,
1302 1369 1424 1450 donee
1450 1363 1620 1466 Magistri

226 1485 447 1565 eledioncrn
473 1487 572 1582 iuxta
600 1495 753 1570 modum
792 1493 1006 1596 perfecerint
1038 1495 1306 1576 constitutum.
1343 1494 1433 1593 lpfis
1468 1496 1623 1595 proinde

214 1616 454 1710 congregatis
481 1617 601 1698 licebit
630 1625 771 1722 publice
799 1625 965 1723 primitus
998 1618 1106 1723 atque
1139 1625 1391 1704 communiter
1423 1621 1621 1724 conferre,

209 1741 262 1816 de
297 1741 448 1840 persone
488 1747 623 1825 idonea
660 1751 698 1825 in
736 1748 959 1850 Magistrum
999 1749 1208 1829 assumenda
1244 1751 1426 1834 tradere.
1467 1747 1618 1830 Deinde

212 1871 469 1948 communiter
496 1875 534 1952 dt
560 1875 789 1952 concordirer
817 1876 995 1952 advocent
1024 1877 1069 1952 ad
1104 1874 1138 1952 se
1163 1893 1322 1976 quatuor
1348 1897 1395 1954 err
1419 1875 1523 1966 aliis,
1550 1875 1612 1975 qui

207 1991 253 2068 in
279 1991 458 2091 Capitulo
483 1995 701 2092 intersunt,
730 1999 824 2076 dnos
849 1995 1179 2090 deMediolano,
1212 2001 1251 2080 de
1278 1999 1372 2078 duos
1397 2021 1501 2082 extra
1529 1997 1612 2080 Mc·

206 2121 429 2218 diulnnurn,
456 2121 567 2200 Viros
592 2124 746 2200 idoneor
771 2127 808 2204 de
834 2122 1031 2216 discretor,
1057 2123 1103 2200 de
1129 2124 1260 2224 quibus
1285 2123 1453 2200 credatur
1480 2122 1612 2222 proba·

203 2249 349 2346 biliter,
366 2252 466 2353 quod
488 2269 611 2326 neuter
636 2253 787 2328 iliorum
802 2253 885 2347 eligi
903 2253 1017 2328 valent
1041 2252 1079 2326 in
1096 2249 1343 2350 Magistrum.
1367 2249 1429 2327 lui
1452 2269 1611 2351 quatuor

206 2405 300 2480 ergo
327 2379 434 2456 fimul
461 2381 500 2454 in
528 2401 697 2474 congruo
725 2381 811 2455 loeo
837 2396 1032 2456 manentes
1070 2399 1129 2473 per
1157 2373 1332 2458 secretam
1358 2378 1611 2454 exantinatio·

203 2533 297 2588 nem
309 2509 488 2601 audient,
505 2502 785 2584 &conscribant
805 2525 890 2582 vota
911 2505 1086 2580 omnium
1103 2501 1345 2595 Eiediotum,
1366 2524 1407 2584 ut
1431 2504 1472 2579 iu
1494 2527 1608 2602 quem

198 2657 368 2728 omnes,
403 2637 460 2710 vel
493 2631 620 2708 saltem
654 2630 735 2706 duae
771 2651 889 2725 partes
914 2629 1078 2708 videlicet
1117 2629 1297 2712 seruerim
1329 2633 1609 2738 convenerint,

199 2761 303 2860 prius
328 2760 426 2835 inter
451 2755 638 2836 Eledioree
664 2753 837 2832 scrutinio
859 2751 1067 2852 publicato,
1094 2757 1130 2834 dt
1158 2751 1284 2832 habita
1309 2755 1514 2832 collatione
1541 2757 1605 2838 de·

196 2885 300 2979 bita,
326 2909 391 2982 per
417 2907 536 2962 unum
564 2908 610 2959 ex
638 2877 866 2958 Eledioribus
892 2876 1121 2978 presentibus
1139 2879 1276 2958 cureris
1298 2883 1336 2962 dt
1356 2863 1595 2960 consentien-

205 3014 303 3092 ribus
316 3069 328 3108 ,
351 3035 478 3088 coram
503 3005 682 3105 Capituio
703 3007 876 3082 universo
896 3005 1036 3104 ptrbtice
1056 3006 1094 3082 in
1118 3003 1340 3102 Magistrum
1360 3004 1516 3084 Ordinis
1536 3011 1604 3090 eli·

188 3163 341 3242 .gttur.
374 3138 414 3216 si
442 3156 568 3216 auteur
595 3135 631 3210 in
660 3135 837 3212 scrutinio
863 3135 986 3232 primo
1012 3131 1223 3212 Eledimum
1252 3155 1339 3212 vota
1367 3137 1418 3212 in.
1437 3138 1601 3238 aliquem

195 3271 315 3348 modo
340 3293 421 3344 non
450 3264 695 3342 convenerint
721 3261 950 3360 suprodido,
977 3286 1039 3358 per
1066 3261 1251 3359 prndidot
1277 3283 1439 3365 quatuor
1468 3265 1599 3347 tandiu

192 3402 411 3482 scrutinium
442 3395 659 3490 replicetur,
684 3393 806 3468 donee
831 3393 922 3470 durs
944 3411 1061 3492 partes
1091 3386 1307 3470 Eledoturn
1331 3391 1374 3477 iu
1400 3385 1599 3496 personatu

197 3551 315 3607 unam
342 3524 542 3622 eontigerit
569 3517 815 3599 concordare.

604 3733 659 3806 De
683 3724 940 3830 naessgran'one.
976 3733 1057 3826 Cap.
1082 3727 1181 3802 Vm,

290 3907 469 4008 Efignare
495 3907 566 3987 suae
588 3905 866 4008 Praepofitnrte,
889 3905 948 3979 vei
968 3904 1139 3982 eledioni
1159 3903 1206 3979 de
1226 3901 1262 3980 se
1282 3899 1408 4002 fade,
1435 3925 1496 3985 aut
1523 3903 1587 4004 ipii

314 4031 484 4110 eledioni
511 4029 724 4108 consentire
749 4030 879 4132 absque
906 4027 1072 4107 Domini
1100 4026 1268 4126 Magistri
1297 4036 1444 4112 lieentia
1470 4055 1590 4110 nemo

185 4159 409 4262 presumat.
445 4155 766 4236 Contraiacientev
801 4161 1036 4256 puniantur,
1069 4147 1110 4235 ut
1146 4159 1184 4232 in
1216 4159 1375 4236 Rubrica
1401 4160 1447 4236 de
1474 4162 1589 4259 poenie

183 4293 299 4384 cuipoe
312 4287 511 4385 gravioria.
533 4285 570 4364 Si
593 4287 673 4385 quir
692 4285 942 4385 praevaricttor
962 4281 1142 4376 Ordinis,
1162 4287 1219 4360 vei
1236 4283 1372 4386 Gregis
1396 4287 1457 4364 fibi
1482 4312 1586 4367 corn·
1704 4375 1709 4380 ,

179 4415 277 4498 miffi
312 4417 408 4492 ritiie
440 4411 679 4492 consentient
709 4413 904 4504 extiterit,
936 4415 974 4490 dt
1009 4435 1085 4507 per·
1106 4407 1326 4490 Dominum
1363 4409 1583 4514 Magistrum

176 4571 241 4633 aut
267 4542 486 4623 Vititatoree
509 4542 727 4618 admonitus
750 4537 862 4642 nsque
887 4560 942 4616 ter
971 4563 1048 4614 non
1075 4541 1362 4632 emendaverit3
1397 4537 1424 4617 st
1452 4541 1582 4637 sponte

175 4675 362 4778 refignare
383 4669 571 4765 noluerit,
595 4663 793 4746 Dominus
812 4663 992 4764 Magister
1010 4687 1096 4742 curn
1117 4663 1276 4748 confilio
1303 4687 1462 4767 quatuor
1485 4667 1581 4750 Prae.

327 4821 332 4830 '
841 4809 846 4816 '
1443 4790 1537 4871 nufi-
