4100 5500
539 645 631 734 ¹42*
695 601 1143 718 Huurtraroudn
1181 611 1683 724 Cousrrrurtoues

932 849 986 919 De
1012 849 1262 949 negotiatione.
1296 853 1377 947 Cep.
1403 851 1456 922 ss.

496 1013 885 1200 NEgotiationenr
914 1045 980 1120 pro
1007 1041 1183 1102 extranea
1209 1021 1371 1101 Persona
1398 1021 1541 1114 facete,
1574 1014 1634 1095 vel
1659 1035 1715 1092 res
1740 1003 1878 1086 mobiles

629 1147 732 1221 eausa
757 1146 939 1222 vendendi
962 1171 1106 1241 emere,
1128 1144 1198 1224 nisr
1219 1145 1518 1226 transmutentur
1539 1151 1581 1225 in
1603 1145 1737 1222 statum
1760 1139 1881 1227 alium,

497 1293 614 1344 nemo
641 1267 858 1369 prasumat.
886 1269 1018 1370 Neque
1053 1273 1171 1350 etiam
1198 1275 1348 1352 mittant
1386 1297 1532 1374 pannos
1558 1273 1616 1349 vel
1643 1271 1733 1347 alias
1760 1282 1881 1344 merres

496 1393 559 1472 seu
584 1423 640 1473 res
667 1399 803 1497 aliquas
838 1417 939 1473 extra
972 1395 1175 1476 Civitatem
1211 1403 1399 1500 propriam
1433 1401 1489 1476 vel
1527 1395 1628 1477 Loca
1663 1393 1709 1472 ad
1736 1391 1881 1470 venden-

496 1517 612 1597 dum.
637 1519 702 1597 De
730 1517 902 1598 Artificio
931 1543 1054 1599 autem
1084 1527 1139 1600 rel
1168 1525 1334 1627 quolibet
1356 1527 1432 1603 alio
1450 1519 1590 1604 Officio
1610 1523 1756 1608 Fratres
1773 1507 1883 1594 euram

501 1651 651 1726 illorum
679 1647 858 1724 habentes
885 1653 1072 1730 rationem
1107 1651 1181 1730 suis
1216 1647 1422 1752 Praepofitis
1448 1657 1506 1731 vel
1543 1651 1731 1742 Praelatis,
1757 1647 1793 1726 dt
1817 1649 1884 1722 aliis

501 1776 663 1875 pluribus
687 1773 870 1851 Fratribus·
895 1777 987 1866 cirea
1010 1777 1254 1856 Nativitatem
1276 1775 1441 1855 Domini
1468 1779 1637 1878 explicite
1662 1771 1883 1863 reddant;&

501 1919 591 1976 tunc
613 1899 787 1977 universo
812 1899 1030 1980 Conventui
1058 1924 1190 1979 notum
1219 1899 1282 1979 frat
1307 1903 1474 1980 debitum
1499 1899 1740 1979 universum.
1766 1897 1810 1974 Et
1833 1892 1886 1994 qui

505 2023 813 2122 contrafeceriut,
830 2029 1057 2126 puniantur,
1076 2051 1118 2108 ut
1139 2031 1179 2106 in
1201 2029 1364 2110 Rubrica
1382 2031 1428 2108 de
1449 2031 1566 2129 poenis
1578 2033 1696 2130 culpa
1708 2025 1886 2130 gratioris.

768 2235 824 2308 De·
848 2229 1105 2314 rebur'Ordr'nir
1130 2263 1194 2314 non
1219 2237 1430 2316 alienandis.
1449 2187 1550 2336 ⁸Carp.
1576 2179 1646 2344 mi
1716 2333 1726 2340 ,
1824 2261 1826 2270 “

608 2401 659 2484 Es
684 2403 837 2484 Ordinis
863 2411 1015 2490 alienari
1044 2417 1216 2492 nolentes
1241 2409 1454 2509 statuimus,
1478 2415 1517 2492 lle
1543 2411 1608 2489 sub
1633 2397 1886 2490 Exconrmuni·

630 2538 790 2615 rationis
827 2542 1139 2619 interminatione
1180 2541 1311 2618 atilius
1348 2539 1623 2640 prohibemur,
1662 2561 1706 2618 ut
1746 2530 1885 2614 Persona

511 2665 618 2739 nulla
652 2661 807 2743 Ordinis
841 2663 967 2744 Noslri
995 2667 1264 2744 alienationem
1300 2665 1362 2744 seu
1394 2669 1684 2744 translationem
1718 2664 1828 2740 ullam
1850 2653 1886 2728 de

511 2785 700 2885 Ecclesra‚
727 2787 863 2868 Domo
889 2793 946 2866 vel
975 2791 1190 2889 polseffione
1215 2794 1261 2868 ad
1285 2787 1472 2870 Ordinem
1498 2789 1683 2870 Nostrum
1709 2787 1888 2887 spellanter

509 2919 551 2997 in
580 2915 691 3016 ipsius
714 2914 868 2995 Ordinis
895 2913 1140 3017 praeiuditium
1167 2899 1274 2996 faciat
1300 2941 1364 3016 per
1391 2915 1452 3011 se,
1474 2917 1534 2993 seu
1556 2913 1634 2992 fieri
1659 2929 1819 3015 procuret
1838 2917 1887 3000 per

509 3044 628 3120 alium
657 3041 718 3119 seu
745 3043 836 3117 alios
862 3042 1183 3143 quoquomodo,
1211 3043 1351 3140 publice
1378 3045 1435 3118 vel
1461 3043 1628 3119 occulte·
1667 3041 1739 3120 Sed
1765 3055 1825 3112 nee
1846 3025 1864 3104 s
1876 3066 1889 3086 ·

512 3167 695 3244 cientibus
712 3165 933 3264 confilium,
959 3169 1141 3246 auxilium
1164 3173 1220 3247 vel
1240 3165 1407 3247 savorem
1429 3169 1567 3248 tribuat
1590 3193 1659 3247 nec
1680 3159 1890 3246 eonsensum}

514 3319 584 3374 nec
608 3297 727 3373 etiarn
751 3297 854 3372 alteri
874 3295 1008 3372 Ordini
1036 3291 1260 3392 Ecclefiam‘‚
1283 3287 1460 3372 Domum
1480 3301 1539 3371 vel
1564 3291 1813 3392 possessionem
1831 3279 1888 3355 Ot·

513 3424 613 3504 dinis
633 3421 758 3499 Noslri
780 3423 903 3524 aliquo
923 3421 1066 3514 modo,
1092 3419 1278 3516 ingenio,
1304 3422 1361 3494 vel
1387 3423 1513 3496 colore
1539 3420 1673 3514 tenire,
1693 3397 1889 3493 traderent!
1981 3495 1982 3514 Ν

518 3549 714 3657 transferre
740 3547 958 3647 prasumat,
985 3541 1119 3647 absque
1147 3541 1310 3624 Domini
1338 3543 1506 3644 Magistri
1523 3543 1680 3621 Ordinis
1699 3539 1843 3616 obtenta
1859 3525 1893 3600 li·
1981 3539 1982 3570 ³

515 3677 636 3758 centia
661 3679 829 3774 speciali.
868 3671 980 3772 Quod
1007 3671 1035 3750 sr
1061 3691 1196 3748 eontra
1231 3673 1423 3770 prodisse,
1456 3672 1513 3748 vel
1548 3667 1699 3770 aliquod
1733 3653 1894 3763 prndidlo·

522 3834 607 3887 rum
630 3803 766 3881 sadlutn
793 3797 936 3894 fuerit,
959 3795 1037 3896 ipso
1063 3795 1160 3874 sasso
1189 3823 1268 3902 non
1296 3818 1448 3891 teneat,
1476 3821 1544 3872 nee
1567 3794 1714 3885 alicujus
1734 3773 1894 3866 firmitatis

523 3933 683 4013 exiliat:
721 3923 782 4006 sed
807 3901 931 4023 potius
960 3945 1007 4000 ex
1035 3949 1132 4001 nune
1156 3923 1334 4022 quidquid
1357 3941 1491 3998 eontra
1517 3917 1652 3996 sadum
1675 3915 1784 3995 suerit
1807 3897 1896 3982 tassa-

521 4089 605 4142 mus
622 4065 658 4140 dt
679 4057 886 4136 irritamus.
914 4049 1061 4150 Omnes
1081 4075 1170 4128 vero
1184 4053 1223 4130 ὰ
1239 4048 1401 4150 srngulos
1419 4073 1548 4127 contra
1563 4041 1772 4139 hujusmodi
1786 4025 1895 4162 nulls}

521 4188 813 4271 Constitutionis
839 4203 1009 4264 tenorem
1036 4179 1163 4254 venire
1199 4169 1402 4254 seusaeere
1430 4175 1720 4275 presumentes,
1751 4153 1896 4289 praesent!

527 4317 677 4398 Statuto
711 4313 751 4388 in
784 4311 910 4387 noslro
935 4308 1115 4387 Generali
1142 4305 1318 4399 Capitale
1346 4303 1617 4399 promulgato,
1652 4293 1898 4375 Exmmnunr·

525 4445 682 4526 cationis
707 4441 859 4516 uinculo
887 4431 1140 4520 innodamus3
1165 4431 1202 4506 ut
1224 4425 1251 4502 st
1274 4423 1489 4522 Praeposrtus
1511 4427 1568 4501 vel
1594 4421 1764 4501 Pralatus
1784 4399 1898 4484 suerit,

525 4575 603 4674 ipso
629 4569 724 4648 fauo
749 4591 772 4642 a
796 4555 1047 4656 Praepofiturae
1084 4553 1157 4632 five
1191 4581 1212 4630 a
1247 4549 1624 4658 Praelaturae,0fficio
1660 4543 1702 4624 sit
1734 4539 1895 4640 privaturi

526 4707 574 4787 ad
599 4704 742 4782 nullam
767 4693 880 4802 aliam
904 4689 950 4767 de
974 4707 1107 4767 caetero
1133 4683 1389 4764 assumendus:
1416 4680 1457 4760 Si
1480 4703 1567 4760 vero
1584 4674 1757 4759 susurrus
1776 4652 1894 4738 suerin

604 4828 612 4846 Χ
1782 4803 1857 4862 tau-
