4100 5500
552 601 626 706 158
709 599 1160 686 Hnsttttsrnnnu
1198 605 1696 685 Conantnnstottas

680 817 732 890 Dr
757 838 819 888 nott
841 811 1052 892 venientibus
1073 773 1120 889 ad
1141 815 1340 914 Capitulum
1360 811 1547 890 Geaercie.
1572 816 1656 910 Cap.
1681 807 1727 879 X.
1826 829 1829 836 ·

504 987 645 1170 lTem
671 990 774 1090 qnod
802 985 990 1088 Prmposrti
1018 993 1077 1070 vel
1105 989 1251 1069 Prolati
1282 1013 1363 1066 non
1389 991 1586 1068 venientes
1608 987 1656 1064 ad
1681 978 1882 1081 Capitulum

571 1117 759 1195 Generale
784 1117 901 1196 causrs
925 1119 1099 1218 legitimis
1118 1119 1283 1214 impediti
1300 1119 1437 1198 debent
1461 1119 1557 1198 vices
1575 1117 1656 1195 suas
1672 1111 1886 1192 committere

503 1246 570 1322 uni
597 1243 801 1342 Praeposito
826 1249 884 1322 vel
911 1243 1070 1322 Prelato
1088 1244 1135 1320 ad
1154 1243 1374 1341 Capitulum
1395 1244 1585 1322 venienti:
1617 1267 1699 1320 non
1723 1239 1880 1318 habentes

503 1389 628 1444 autem
648 1368 795 1446 causam
816 1369 1026 1467 legitimam
1054 1370 1288 1449 remanendi
1297 1369 1392 1444 nulli
1414 1367 1546 1468 possint
1563 1365 1886 1449 committerevicet

504 1493 608 1590 suas,
635 1501 672 1574 dt
698 1517 906 1592 perunum
932 1491 1102 1574 mensem
1127 1519 1151 1572 a
1177 1491 1427 1638 Praepofiturat
1452 1496 1513 1573 ael
1537 1492 1749 1576 Praelatura
1769 1485 1885 1569 Officia

507 1624 577 1703 fint
604 1620 850 1724 suspensi

966 1831 1018 1904 De
1042 1826 1259 1904 Homicidia
1289 1807 1372 1930 Cap.
1392 1831 1458 1904 XI

509 2001 650 2184 lTetn
668 2003 771 2104 quod
791 2003 1020 2107 quicumque
1016 2004 1285 2080 commiserint
1313 2003 1590 2096 homicidium,
1611 2025 1687 2080 trec
1705 1997 1829 2108 pollint
1847 1995 1887 2072 le·

575 2127 777 2232 cundum]
752 2127 1326 2234 Jurarationabilitetexcusati,
1346 2141 1391 2216 ad
1411 2157 1636 2215 communes
1655 2125 1890 2230 expensasOr·

504 2259 606 2336 dinis
630 2281 808 2359 perpetuo
831 2259 967 2338 carceri
993 2259 1291 2362 mancipentur,
1327 2265 1366 2338 in
1393 2288 1472 2363 quo
1494 2262 1662 2358 exceptis
1684 2259 1806 2336 diebos
1820 2253 1892 2332 Do·

508 2385 682 2481 mininis,
702 2389 743 2466 dt
764 2383 875 2499 Fesl'qs
895 2386 1151 2484 solemnibus,
1177 2389 1288 2466 tertia
1306 2391 1346 2466 dt
1365 2389 1497 2487 quinta
1523 2387 1626 2465 Ferit
1655 2415 1749 2486 pene
1767 2393 1801 2466 dt
1819 2405 1890 2483 aqut

509 2509 750 2590 solummodo
770 2509 1054 2594 sustententur.
1079 2511 1131 2594 Et
1158 2515 1233 2594 stoc
1256 2517 1477 2593 extendatur
1498 2517 1548 2591 sd
1572 2515 1762 2619 praesentia
1784 2535 1888 2615 prate·

510 2641 579 2717 rita
607 2643 644 2718 bt
668 2637 828 2734 sutura,
861 2646 1020 2744 exceptis
1046 2645 1225 2725 hastenus
1248 2646 1411 2746 purgatis
1438 2649 1480 2726 bt
1503 2644 1551 2722 ad
1575 2641 1721 2725 famam
1744 2642 1890 2724 teslitutit

510 2791 574 2869 per
595 2766 819 2868 Capitulum
841 2763 1059 2846 ¹Genetale.

869 2971 923 3047 De
940 2967 1107 3070 solutione
1125 2975 1342 3054 Talrarrrtrr.
1364 2983 1453 3076 Cap.
1477 2977 1562 3050 XII.

548 3145 648 3225 Tem
672 3148 776 3247 quod
799 3143 970 3248 quaelibet
1002 3145 1159 3228 Domus
1193 3152 1267 3232 live
1297 3150 1525 3228 ‘Conventus
1549 3147 1712 3233 Ordinis
1743 3166 1886 3230 teneatur

573 3275 614 3348 dt
638 3270 769 3348 debeat
791 3273 840 3345 oe
867 3293 998 3348 c‘aetero
1022 3268 1255 3374 ‘in'quolibet
1277 3268 1386 3352 Festo
1402 3275 1594 3358 Omnium
1618 3281 1825 3361 'Sandorurn
1845 3277 1888 3350 in·

419 3409 427 3417 ’
515 3399 709 3497 tegraliter
735 3392 937 3474 satisfecille
959 3389 1174 3474 Canevatio
1195 3395 1353 3474 Ordinis
1381 3402 1427 3477 de
1450 3408 1605 3501 'pecunia
1630 3405 1764 3485 eisdem
1789 3407 1887 3498 inpo-

515 3527 581 3606 fin
606 3529 644 3606 bt
669 3523 805 3602 talenta
830 3547 901 3621 pro
920 3524 1119 3600 'communi
1136 3521 1419 3602 contributione
1443 3523 1485 3602 in
1511 3527 1690 3628 Capitulo
1711 3522 1888 3609 Generali.

516 3655 553 3732 Si
576 3675 699 3730 autern
723 3649 936 3744 Praeposrti,
965 3649 1132 3743 Prolati,
1159 3654 1196 3730 bt
1215 3653 1280 3728 alil
1299 3651 1491 3730 Officiales
1511 3654 1731 3735 Domotnm
1753 3677 1817 3754 pro
1835 3648 1888 3725 suit

515 3779 707 3861 Domibus
724 3779 888 3873 plenarie
911 3797 993 3853 non
1015 3775 1276 3872 satisfecerint,
1302 3803 1350 3854 eo
1370 3777 1450 3874 ipso
1466 3785 1601 3880 vigore
1619 3773 1882 3862 Conliituiionis

518 3905 629 4000 hujus
650 3903 869 3980 sententiam
894 3901 1292 3980 excommunicationis
1313 3905 1531 4002 incurrant,
1551 3927 1591 3985 at
1604 3935 1732 3987 eorurn
1744 3899 1888 3984 Ecclesia

518 4037 591 4114 lint
618 4031 810 4133 suppositor
836 4023 1091 4108 Ecclesrallr'co
1116 4025 1351 4124 inierdisio,
1386 4055 1407 4106 a
1440 4057 1515 4132 qua
1541 4032 1727 4112 sententia
1753 4028 1889 4108 Eurom-

518 4161 787 4242 munica·tinnis
804 4158 938 4235 absolvi
957 4181 1038 4233 ¹non
1059 4151 1218 4233 debeant
1232 4211 1252 4250 ,
1274 4153 1344 4234 nisi
1368 4161 1530 4256 plenarie
1548 4157 1779 4241 satisfecerint
1798 4151 1891 4232 modo

517 4293 677 4390 superius
701 4303 908 4365 annotato.
932 4277 982 4358 Et
1007 4285 1053 4358 de
1081 4281 1155 4358 hoc
1182 4275 1271 4359 fiant
1297 4285 1428 4359 littet'ae
1455 4281 1659 4362 Generalet
1686 4313 1706 4363 a
1733 4281 1886 4380 Domino

517 4419 733 4518 Magistro,
768 4429 1008 4509 aggravantes
1040 4405 1252 4505 processus,
1283 4405 1325 4484 'in
1359 4429 1546 4510 quantum
1576 4413 1627 4491 de
1652 4405 1729 4504 lure
1753 4404 1888 4510 poterit,

511 4579 647 4637 contra
672 4547 876 4655 quemlibet
905 4549 943 4622 in
968 4541 1205 4654 contrarium
1228 4541 1458 4625 facientem.

1973 4621 1974 4709 l

1757 4789 1848 4872 Addi-
1888 4825 1892 4836 ·
