3970 6230
503 559 577 658 ¹192
664 539 1112 626 Hnsr'rrts'rorrnsr
1152 552 1649 632 Cotlsrl'l'u·'rlorl!8

452 660 605 764 gendis,
631 669 828 768 cassandis,
855 675 1054 772 addendis,
1081 685 1118 758 bt
1137 681 1414 776 diminuendis,
1440 683 1544 761 &de
1572 703 1675 756 noro
1701 673 1850 770 fiendis,

423 796 488 880 ,δι
511 789 783 872 Definitoribus
807 802 845 876 dt
871 791 1133 880 Visrratoribus
1163 803 1395 902 supradictis,
1429 811 1467 886 dt
1490 808 1585 882 circa
1622 802 1855 882 reformatio·¹

456 943 546 1006 nem
574 915 903 1016 Praeposrtnrarurn
943 932 980 1005 bt
1013 933 1184 1008 locorum
1223 956 1264 1008 ac
1288 931 1535 1010 Personarum
1574 935 1660 1010 didi
1685 931 1856 1024 Ordinis,
1954 913 1955 936 ³

451 1047 495 1122 de
520 1043 699 1125 consensu
719 1067 865 1154 tamen·
880 1052 1034 1142 majoris
1062 1061 1279 1153 pnris'diui
1306 1062 1501 1158 Capituli,
1527 1061 1635 1161 plen&
1659 1061 1851 1158 disponere

307 1219 314 1232 „
454 1197 493 1250 ac
520 1165 710 1271 prouidere
739 1177 895 1272 possuis;
935 1177 1279 1262 Constitutionibus
1304 1189 1386 1264 diui
1413 1185 1601 1280 Ordinis,
1637 1187 1701 1264 illa
1732 1185 1855 1261 videli·
1954 1175 1955 1178 '

453 1321 544 1394 cet,
581 1326 652 1400 qua
679 1311 827 1379 cavetur
860 1307 961 1404 quod
990 1333 1051 1405 per
1077 1311 1369 1410 vigintiquatuor
1396 1306 1647 1410 Praepofitor,
1686 1299 1855 1388 videlicet
1954 1397 1955 1428 Ν

430 1423 648 1502 ¹duodecim
678 1424 1010 1527 Mediolanenses,
1048 1435 1308 1514 &duodecim
1337 1455 1438 1512 extra
1467 1435 1757 1533 Mediolanum,
1784 1436 1858 1514 Ge·
1954 1455 1955 1532 l

456 1555 588 1632 neralis
614 1554 782 1653 Magistri
809 1557 892 1633 didli
919 1555 1073 1634 Ordinis
1106 1557 1234 1636 debeat
1267 1561 1397 1636 elestio
1429 1561 1639 1660 celebrari,
1675 1585 1718 1638 ac
1743 1561 1856 1638 etiarn
1954 1541 1955 1550 ἵ

454 1715 524 1789 qua
550 1708 731 1781 cavetur,
766 1689 866 1786 quod
894 1687 998 1763 nulla
1026 1685 1261 1763 Constiturio
1288 1687 1327 1762 in
1357 1683 1567 1776 hujusmodi
1596 1687 1780 1786 Capitulo
1806 1682 1855 1760 sa·

455 1819 508 1894 &a
535 1817 611 1892 vim
640 1795 928 1893 Constitutionis
963 1814 1162 1907 obtineat,
1203 1811 1268 1888 nili
1309 1809 1418 1891 suerit
1458 1837 1521 1908 per
1558 1812 1627 1888 tria
1653 1811 1856 1886 Generalis
1954 1811 1955 1896 J

454 1942 628 2041 Capitula
654 1936 878 2038 approbata,
906 1963 974 2016 nec
1001 1963 1080 2016 non
1110 1939 1189 2013 aliis
1215 1933 1554 2014 constitutionibus
1581 1936 1665 2013 diui
1690 1934 1856 2028 Ordinis,
1954 2007 1955 2042 ,

456 2093 497 2145 ac
523 2063 743 2166 Apostolicis
769 2063 1002 2160 generalibus
1040 2066 1095 2139 vel
1127 2060 1333 2162 specialibus
1366 2062 1407 2137 in
1432 2061 1664 2140 contrarium
1686 2057 1859 2140 facienti·
1954 2047 1955 2094 ³

454 2195 547 2290 bus,
576 2215 654 2270 non
683 2189 910 2268 obslsntibus
936 2187 1248 2288 quibuscumque.
1276 2188 1355 2266 Vos
1382 2189 1618 2286 igiturrobis
1646 2186 1856 2280 iujundlrrnt

456 2317 708 2397 Minislerium
740 2337 955 2394 reverenter
976 2312 1205 2410 suscipientes
1240 2311 1285 2388 src
1313 2313 1405 2388 illud
1439 2313 1484 2390 ad
1510 2309 1676 2390 Laudem
1703 2319 1744 2392 dt
1769 2299 1860 2392 Glo·
1954 2293 1955 2304 ἵ

456 2447 551 2521 riam
578 2441 782 2538 Alriistmi,
811 2439 1021 2541 praesarique
1047 2437 1201 2516 Ordinis
1229 2435 1464 2512 direstionem
1492 2435 1721 2533 salutarem,
1758 2439 1860 2530 juxta
1954 2489 1955 2544 p

456 2575 581 2651 datam
611 2567 715 2648 vobis
749 2544 885 2644 abeo
919 2567 1152 2662 prudentiam
1188 2565 1316 2664 exequi
1343 2560 1550 2660 studeatis,
1585 2568 1684 2666 quod
1711 2565 1860 2645 serente

456 2697 661 2790 Domino,
686 2693 873 2772 desiderati
902 2690 1035 2768 srudlns
1062 2688 1317 2789 proueniant,
1346 2711 1438 2789 quos
1464 2683 1680 2788 speramus,
1721 2692 1854 2792 sosque

457 2825 670 2929 apud-Nos
707 2828 745 2902 dt
778 2821 913 2900 Sedens
941 2814 1205 2917 Apostolicam
1243 2817 1366 2914 dignis
1404 2813 1570 2894 laudibus
1607 2803 1862 2896 commendasi

457 2948 617 3052 poffitis.
643 2947 792 3024 Datum
819 2944 1016 3020 Florentia
1046 2946 1165 3018 Auno
1192 2941 1473 3020 incarnationis*
1499 2938 1714 3022 Dominicae
1741 2950 1859 3023 mille·

459 3072 555 3150 simo
582 3069 951 3172 quadringentesimo
977 3065 1168 3164 trigesimo
1192 3068 1351 3166 quinto,
1388 3069 1502 3166 pridie
1528 3070 1719 3150 Calendas
1742 3075 1859 3174 Maii,

461 3195 703 3278 pontificatus
729 3193 854 3272 Nollri
881 3193 1001 3269 Anno
1028 3192 1183 3292 quinto.

467 3395 469 3400 ’
547 3407 601 3480 De
627 3353 770 3506 terrrpnre¹
795 3397 977 3480 celebrandi
1001 3395 1145 3494 deinceps
1169 3393 1366 3493 Capitulum
1392 3399 1572 3476 onerata.
1610 3405 1692 3504 Cap.
1718 3410 1780 3483 W.
1854 3440 1861 3480 ς

464 3577 653 3756 PRimo
687 3578 774 3679 qula
813 3574 998 3671 negledus
1033 3567 1297 3668 Capitulorum
1333 3573 1617 3669 Generalium,
1654 3584 1692 3660 &
1727 3603 1861 3661 eornm

559 3703 751 3783 ommiffro
777 3703 1022 3798 Religionem
1052 3696 1148 3774 hane
1173 3699 1214 3774 in
1242 3691 1484 3794 spiritualibus
1509 3708 1547 3783 bt
1572 3709 1858 3805 temporalibus,

461 3827 689 3928 experientia
715 3829 896 3916 docente,
921 3819 1005 3897 fecit
1031 3819 1206 3912 effluere,
1232 3823 1404 3897 volumus
1428 3827 1466 3902 bt
1493 3829 1734 3938 ordinamus,
1761 3837 1859 3938 quod

464 3957 564 4036 aliud
599 3951 816 4051 Capitulum
856 3945 1040 4022 Gener-ale
1078 3945 1284 4020 celebretur
1320 3947 1361 4020 in
1397 3944 1501 4028 festo
1534 3947 1640 4033 Beati
1675 3955 1784 4036 Lucae
1821 3963 1859 4036 in
1954 4011 1955 4032 r

463 4111 562 4167 anno
588 4077 752 4182 sequenti
778 4135 791 4172 ,
828 4073 960 4151 scilicet
986 4067 1026 4147 in
1056 4071 1256 4148 millesimo
1282 4073 1647 4175 quadringentesimo
1675 4084 1858 4185 trigesimo
1954 4073 1955 4164 ἶ

465 4221 567 4298 sento
592 4207 762 4286 ferraria
788 4205 828 4278 in
855 4225 899 4276 ea
928 4195 1087 4291 Domo,
1115 4199 1245 4297 inqua
1271 4195 1448 4292 Magistro
1469 4199 1649 4282 Generali
1670 4211 1859 4307 eligenda,

459 4347 497 4420 dt
523 4336 665 4415 duobus
692 4326 952 4413 Visrraroribns
977 4325 1126 4398 illarum
1155 4326 1314 4421 partium
1342 4328 1545 4423 ridebitur3
1581 4337 1618 4412 dc
1644 4335 1684 4410 in
1710 4339 1861 4416 milles.

460 4489 526 4544 mo
560 4445 920 4562 quadringentesrmo
960 4445 1151 4542 trigesrmo
1188 4449 1318 4524 odlaro
1355 4448 1511 4530 secunda
1539 4453 1745 4540 Dominica
1780 4463 1854 4564 post
1954 4509 1955 4512 π

459 4585 598 4670 Pascha
621 4581 725 4660 aliud
746 4573 935 4653 Generale
961 4569 1177 4671 Capitulum
1204 4573 1405 4654 celebretur
1437 4578 1478 4654 in
1505 4583 1592 4660 loco
1625 4607 1689 4686 per
1722 4591 1854 4671 imme.

1705 4717 1804 4800 diste
