3970 6230
312 593 369 648 stt
403 572 803 656 Geueuasrsus
837 577 1103 659 Conteris
1138 599 1333 658 susan.
1402 593 1471 669 snt

115 695 352 776 concedimus
377 696 622 795 facultatem3
660 706 827 804 volentes
863 731 906 790 ae
942 705 1174 804 praesentium
1212 701 1427 780 suboriente
1456 697 1522 770 lla·

117 837 295 920 lantes,
331 829 431 926 quod
458 845 592 905 omues
618 833 655 907 br
683 813 818 928 singuli
848 829 1033 929 Praepofiti
1064 857 1104 908 ae
1134 831 1274 906 Praleti
1301 829 1384 903 dieti
1411 823 1523 900 Ordi-

115 945 197 1042 nis,
225 954 295 1048 qui
318 953 553 1030 celebrationi
582 956 665 1032 disli
687 955 848 1052 Capituli
877 949 1136 1048 interfuerint,
1167 957 1206 1029 in
1229 956 1409 1031 elestione
1432 977 1519 1050 prae·

112 1068 179 1191 ssti
206 1075 432 1170 Generalis,
466 1085 502 1158 br
529 1083 641 1178 aliis,
677 1103 717 1158 ut
745 1083 847 1159 vobis
873 1083 1052 1160 videbitur
1077 1084 1250 1182 expedire
1272 1084 1378 1158 certis
1406 1082 1517 1156 ratio·

112 1201 300 1280 stabilibus
325 1207 440 1284 causis
466 1214 585 1306 moti,
611 1236 739 1287 noeeru
767 1215 804 1289 dt
833 1233 938 1286 voces
964 1207 1126 1286 habeant
1153 1211 1192 1286 in
1222 1209 1423 1308 Capituln:
1459 1209 1518 1282 in·

111 1327 216 1427 super
241 1331 517 1428 decernentes,
555 1337 653 1436 quod
682 1337 870 1435 eligendus
890 1335 975 1413 'has
1002 1333 1077 1413 viee
1112 1337 1151 1410 in
1177 1335 1404 1413 Generalern
1434 1331 1518 1408 Ma·

109 1455 262 1556 gistrum
288 1457 372 1536 dissi
398 1453 585 1555 Ordinis,
617 1463 664 1538 de
691 1459 769 1560 ipso
794 1459 938 1538 Ordine
963 1461 1182 1555 dumtaxat,
1207 1463 1246 1537 st
1271 1461 1310 1534 in
1335 1459 1518 1534 ·Sacerdo·

111 1585 165 1660 rio
190 1581 441 1680 constitutus,
476 1611 554 1661 nou
583 1587 628 1660 td
655 1585 768 1661 vitam
798 1584 857 1661 sed
883 1588 927 1663 ad
956 1609 1098 1682 tempus
1128 1610 1189 1684 per
1218 1609 1283 1660 vos
1310 1585 1517 1660 terminan-

109 1712 198 1788 dum
226 1713 408 1810 eligatur,
432 1715 470 1790 bt
498 1735 560 1809 per
588 1737 652 1786 vos
678 1713 892 1787 audoritate
921 1709 1161 1808 Apostolus,
1197 1705 1223 1784 ss
1252 1708 1354 1784 vobis
1381 1705 1516 1784 videbi.
1669 1703 1677 1714 '

110 1857 169 1916 tur
197 1839 382 1932 idoneus,
407 1833 674 1929 confirmetur,
702 1861 767 1912 nee
794 1833 898 1932 pulsu
926 1837 1062 1912 iterum
1091 1837 1130 1911 in
1166 1832 1349 1931 pollerum
1390 1832 1429 1906 in
1466 1827 1515 1906 dl·
1565 1910 1567 1921 ,

108 1963 167 2042 flu
191 1957 335 2058 Officio
358 1961 605 2056 confirmari,
646 1959 713 2038 nisi
739 1943 911 2038 deienrer
949 1964 986 2038 dt
1013 1959 1161 2037 discrete
1191 1957 1225 2036 se
1253 1957 1394 2056 gesserit
1421 1977 1517 2036 tem·

108 2111 221 2190 pore,
249 2081 327 2190 spuo
351 2086 465 2168 suerit
490 2091 528 2166 in
557 2085 665 2186 ipsrus
695 2083 859 2183 Magistri
882 2084 1079 2164 Generalis
1098 2081 1260 2179 Officio,
1287 2089 1327 2166 dt
1352 2107 1374 2167 a
1399 2081 1517 2160 tribus

107 2235 153 2292 ex
176 2213 340 2318 quatuor
366 2217 523 2312 partibus
549 2214 657 2310 ipssus
682 2212 843 2310 Capituli
880 2211 990 2290 suerit
1029 2217 1073 2288 de
1115 2235 1216 2290 noro
1242 2209 1514 2315 elesbttspnec

106 2339 197 2419 diua
223 2337 462 2417 confirmatio
489 2339 557 2414 niss
585 2343 628 2414 ad
655 2339 756 2414 aliud
787 2325 1021 2416 tantumdem
1051 2361 1193 2434 tempus
1222 2333 1322 2434 potiit
1343 2327 1515 2431 errenlf;

106 2491 181 2568 qun
206 2465 359 2564 elapso,
388 2463 455 2542 nisi
484 2485 589 2540 tanto
617 2485 782 2561 tempore
811 2459 1017 2550 transaslo,
1041 2486 1191 2562 quanto«
1210 2463 1249 2537 in
1277 2478 1346 2538 tntr
1362 2479 1402 2540 nt
1423 2484 1514 2560 prra-

105 2587 216 2672 fuerit
244 2589 461 2690 Magisterio
487 2589 855 2684 Generali,iterum
884 2588 966 2686 eligi
995 2609 1057 2662 aut
1083 2583 1296 2665 confirmari
1326 2613 1403 2662 non
1432 2581 1511 2684 pus·

106 2717 182 2798 fit:
223 2717 465 2835 adiicientes,
498 2723 533 2795 bt
562 2717 707 2814 penitus
730 2713 986 2806 declarantes,
1024 2715 1124 2815 quod
1150 2713 1197 2791 de
1223 2733 1356 2790 cautere
1386 2713 1512 2794 nultus

102 2841 148 2921 de
176 2867 283 2921 noro
310 2845 348 2920 in
376 2841 602 2920 Generalern
631 2841 850 2941 Magistrum
888 2845 1118 2940 intelligatur
1151 2845 1287 2924 elesius
1309 2897 1322 2936 ,
1342 2939 1343 2942 Ἴ
1362 2845 1432 2926 nist·
1467 2848 1509 2922 in

104 2989 217 3067 quem
257 2968 302 3045 ad
342 2971 468 3045 miuus
505 2970 585 3043 duae
625 2989 742 3066 partes
769 2967 966 3044 Generalis
992 2971 1364 3066 Capitulldederint
1403 2999 1511 3052 vnete

107 3084 214 3186 [ως
253 3095 421 3172 tolentes
447 3091 620 3188 insuper,
654 3109 852 3168 antenore
881 3092 1112 3189 presentium
1142 3091 1369 3193 statuentes,
1407 3101 1511 3200 qnod

104 3215 272 3314 pransurus
300 3223 338 3295 in
364 3215 589 3294 Generalern
617 3217 699 3291 didli
720 3214 873 3293 Ordinis
899 3223 1037 3306 eledlus
1057 3224 1171 3303 sillam
1187 3221 1388 3318 Domum,
1412 3225 1511 3308 Pru«
1581 3223 1587 3226 ’

104 3345 264 3443 positum
294 3347 350 3420 vel
381 3341 580 3420 Praelatum
606 3344 688 3419 didi
715 3340 892 3437 Ordinis,
922 3346 991 3420 nist
1019 3345 1337 3442 adhibitis-secum
1364 3350 1508 3430 duobus
1668 3435 1673 3459 l

104 3473 147 3548 ad
174 3477 301 3548 minus
326 3466 408 3548 diui
428 3451 589 3546 ¹Ordinis
617 3463 902 3561 visitatoribus,
930 3495 1007 3549 non
1037 3473 1154 3548 valeat
1185 3471 1327 3552 visitare
1349 3502 1360 3566 3
1384 3473 1508 3550 'licen-

106 3605 193 3680 tiam
223 3601 370 3696 insuper
395 3596 882 3700 quoquomnrlo-alienandi
922 3595 960 3669 in
1000 3616 1216 3691 perpetuum
1253 3603 1308 3683 rel
1346 3601 1390 3679 ad
1424 3603 1509 3679 lu'n·

102 3751 190 3824 gum
221 3751 367 3824 ternpus
394 3711 682 3828 possessores&
710 3719 808 3798 bona
834 3723 917 3800 dial
944 3721 1130 3820 Ordinis,
1166 3724 1322 3821 pretiosa
1351 3729 1506 3812 rntobilia

105 3853 161 3928 sel
189 3851 423 3956 immnbilia,
453 3871 518 3922 nec
543 3846 715 3948 dantibus
744 3849 1334 3949 vetarietantibusunssenrire,
1357 3861 1397 3942 ὰ
1420 3861 1510 3939 data

105 3974 139 4052 dt
168 3978 331 4052 alienata
360 3974 498 4046 nullius
525 3970 667 4044 roboris
693 3968 888 4048 obtineant
912 3969 1155 4067 firmitatem,
1181 3971 1367 4078 Qudque
1388 3987 1508 4069 eptam

103 4101 169 4178 hae
195 4105 273 4180 uice
306 4102 351 4174 de
378 4095 653 4172 Definitoribns
686 4100 723 4176 bt
750 4097 1009 4174 Vifiratnrrbus
1031 4075 1188 4184 sensis,
1221 4101 1375 4198 poffins
1395 4129 1505 4209 prnut

100 4229 198 4308 uobis
224 4247 479 4328 opportunum
508 4226 683 4302 videbitur
713 4223 926 4322 providere3
952 4223 1133 4300 Volenres
1161 4223 1306 4323 insuper
1332 4235 1431 4334 quod
1453 4237 1501 4312 ln

101 4353 264 4435 suturunt
293 4352 397 4450 super
424 4351 621 4449 madidis,
657 4353 695 4429 dt
723 4345 825 4444 super
854 4346 1003 4424 uocibus
1029 4345 1318 4446 Preposrtorum,
1343 4359 1382 4440 ἃ
1409 4359 1501 4438 0150.

101 4505 177 4560 turn
205 4505 247 4562 ut
276 4479 407 4580 supra,
433 4493 473 4553 ae
499 4479 612 4549 etiarn
640 4473 685 4550 de
713 4493 879 4571 ternpore
905 4475 1005 4572 qnod
1030 4471 1160 4554 debeat
1188 4473 1278 4556 stare
1303 4479 1503 4564 (inamati,

93 4601 296 4710 Magister,
323 4628 364 4682 ae
386 4603 432 4682 de
459 4599 802 4688 constitutionibus
828 4600 913 4676 niati
940 4597 1093 4676 Ordinis
1119 4601 1354 4702 reddendis,
1391 4611 1504 4687 nortl.

1356 4755 1450 4830 geu·
