3914 5504
454 657 503 754 oi
685 658 1139 741 Hnutrt'rrortutr
1182 652 1544 735 Mortuuertnr

400 783 477 860 ebus
505 786 717 878 hujusmodi
746 789 865 868 Nobis
891 786 1083 863 humiliter
1109 783 1348 884 supplicavit,
1374 803 1414 860 ut
1438 781 1661 859 cnutonem
1688 775 1725 858 ἀ
1753 773 1817 854 irt-

358 946 361 956 ·
400 905 641 990 ¹stitutionem
672 912 882 1004 hujusmodi
910 909 1050 1005 facere,
1075 908 1196 1008 aliesq.
1221 909 1258 983 in
1290 905 1472 1006 pramilsrs
1494 925 1702 1004 opportune
1730 929 1827 1004 pro·

399 1034 527 1111 videre
553 1061 600 1112 ex
626 1039 857 1137 benignitate
886 1039 1095 1137 Apostolica
1122 1037 1387 1132 dignarentur.
1414 1032 1495 1124 Nos
1523 1035 1636 1130 igitur
1657 1032 1719 1133 qui
1745 1031 1824 1108 Di·

340 1217 341 1222 ,
407 1163 537 1246 vinum
566 1160 790 1240 Cultum-dt
817 1161 1088 1240 observantiam
1116 1160 1343 1257 Regularem
1364 1159 1462 1258 ubiq.
1485 1159 1608 1254 vigere
1628 1159 1668 1235 dt
1690 1155 1825 1253 augeri

405 1282 557 1361 sinceris
582 1285 767 1366 desideriis
790 1307 1028 1383 exoptamus,
1050 1291 1085 1364 dt
1107 1287 1225 1364 rident
1248 1283 1480 1362 Monasterio
1502 1285 1709 1380 erigendo,
1730 1307 1827 1360 cum

400 1414 572 1492 etesium
600 1411 734 1510 suerit,
761 1411 806 1492 'de
834 1409 994 1520 Persona
1030 1411 1233 1489 secundum
1267 1437 1331 1488 cor
1366 1409 1533 1486 nostrum
1558 1409 1642 1486 utili
1672 1411 1710 1488 d<
1737 1407 1826 1484 ido-

415 1561 509 1634 nea,
534 1527 599 1638 per'
619 1563 733 1643 quam
760 1537 1016 1636 eirctrnrspedle
1038 1539 1115 1636 regi
1143 1541 1180 1614 dt
1208 1535 1396 1612 salubriter
1416 1535 1526 1632 dirigi
1556 1537 1701 1630 valeat,
1728 1559 1820 1636 pro·

404 1666 539 1742 videre
566 1669 755 1764 cupimus,
785 1664 976 1764 'sperantes
1010 1664 1110 1764 quod
1135 1665 1226 1742 diua
1253 1663 1412 1757 Maura,
1444 1664 1503 1740 cui
1538 1665 1633 1762 apud
1661 1659 1743 1740 Nos
1769 1663 1826 1742 de

396 1789 625 1889 «Religionis
650 1795 761 1886 zelo,
786 1795 867 1868 vitat
893 1791 1105 1882 munditia,
1139 1789 1331 1866 honestate
1367 1811 1543 1882 morum,
1578 1791 1617 1864 in
1645 1787 1818 1889 spiritua-

409 1917 508 1994 libus
535 1920 767 2015 ptovidenria
796 1918 1126 2014 tte-temporalibus
1158 1907 1510 2014 circumspesliotie,
1544 1916 1661 2019 aliisq.
1686 1919 1821 1996 multi»

396 2045 563 2143 ‹plieium
595 2049 770 2121 virtutum
798 2047 933 2139 donis,
959 2042 1030 2120 srde
1060 2045 1175 2141 digna
1195 2043 1419 2120 testimonia
1447 2043 1712 2141 perhibeatur,
1739 2043 1815 2124 esse

410 2171 545 2267 poterit
575 2173 829 2268 multipliciter
861 2169 1068 2262 srudlrrosa,
1094 2167 1254 2266 ipsamq.
1290 2165 1464 2244 Mauram
1492 2195 1513 2246 a
1538 2170 1724 2270 quibusvis
1750 2197 1823 2249 ert·

396 2299 786 2395 eommunitationis,
803 2297 1064 2398 suspensionis,
1087 2301 1124 2374 tlt
1146 2293 1717 2395 interdibiialiisq.Ecclesrastieis
1731 2298 1817 2375 sen·

410 2427 557 2518 tentiis,
584 2423 762 2518 censuris,
788 2429 824 2502 bt
854 2425 970 2520 paenis
996 2448 1016 2498 a
1044 2417 1131 2518 Jure
1158 2421 1215 2502 vel
1236 2416 1282 2496 ab
1303 2419 1461 2498 bomine
1479 2424 1605 2522 quavis
1624 2421 1828 2502 occasrone·

408 2555 465 2629 vel
491 2551 594 2629 eausa
622 2553 727 2647 latis,
755 2551 784 2628 sr
808 2549 938 2651 quibus
964 2545 1246 2646 quomodolibet
1275 2549 1455 2629 innodata
1482 2547 1626 2643 exiliit,
1655 2549 1699 2626 ad
1719 2548 1821 2650 effe·
1873 2579 1877 2586 ¹

400 2681 506 2757 'dum
537 2675 770 2777 presentium
795 2676 987 2751 dumtaxat
1014 2671 1313 2772 consequendum
1342 2672 1474 2752 harum
1503 2671 1595 2752 serie
1621 2675 1826 2754 absolven-

409 2825 501 2897 tes,
533 2802 804 2882 &absolutam
840 2796 921 2876 sote
953 2799 1173 2894 censentes,
1208 2825 1408 2902 rerumque
1433 2807 1471 2884 ἃ
1497 2805 1678 2888 ultimum
1711 2807 1822 2890 dibloe

410 2932 664 3032 Ptaposrturar
690 2930 891 3008 vacationis
914 2928 1106 3020 modum,
1139 2927 1282 3010 etiamsi
1318 2956 1365 3012 ex
1393 2955 1445 3010 eo
1471 2935 1607 3032 quaevis
1631 2933 1820 3034 generalis

410 3059 610 3138 reservatio
643 3055 757 3134 etism
794 3057 831 3130 in
865 3052 1036 3152 Corpore
1071 3053 1168 3153 Jurit
1201 3057 1320 3136 clausa
1348 3059 1498 3140 resultet
1521 3060 1817 3162 ‚praseuubus
1931 3065 1935 3074 ’

402 3211 477 3286 pro
497 3183 657 3284 exprello
680 3181 927 3278 habentibus,
953 3184 1169 3260 austeritate
1191 3183 1405 3281 Apostoliea
1427 3209 1557 3266 tenore
1579 3187 1820 3289 praesentium

394 3311 690 3411 'praeposituram
721 3309 909 3408 prafusm
936 3311 1065 3408 q'uovis
1092 3310 1272 3418 modu&
1298 3312 1632 3416 ex'cujuseumque
1655 3314 1816 3415 persona

413 3417 541 3534 tanet,
567 3439 707 3514 etiamst
737 3457 843 3514 tanto
860 3437 1037 3533 ternpore
1064 3436 1244 3513 meaverit
1264 3490 1279 3530 ,
1303 3438 1402 3538 quod
1427 3439 1506 3530 eius
1529 3445 1683 3521 collatio
1709 3439 1815 3534 iurrta

392 3547 671 3642 lateranensis
696 3565 843 3642 Statura
868 3559 1106 3639 consultas
1121 3560 1255 3640 Sedem
1276 3562 1528 3662 Apostolicam
1553 3569 1719 3665 legitime
1747 3571 1813 3646 de-

409 3695 563 3787 voluta,
583 3691 730 3790 ipsaque
752 3683 989 3782 Prapofirura
1009 3683 1241 3783 disposrtioui
1261 3687 1483 3786 spostolicae
1504 3691 1726 3790 spetialiter,
1751 3697 1812 3772 vel

408 3821 492 3918 qnia
509 3814 790 3892 ·Conventualis
816 3811 971 3904 babitu,
996 3831 1039 3888 ut
1067 3809 1253 3907 profertur
1276 3867 1287 3904 ‚
1311 3817 1463 3910 exiliit,
1490 3838 1550 3894 aut
1577 3821 1665 3899 alias
1691 3839 1826 3916 geues,

391 3949 532 4023 raliter
560 3943 736 4018 restrrata
762 3937 926 4030 exiliat,
959 3938 1068 4013 &ad
1096 3961 1180 4012 earn
1207 3939 1435 4018 consueverit
1470 3946 1550 4042 quis
1578 3947 1814 4044 pereleslio.

412 4097 500 4150 trem
530 4071 656 4148 allumi
680 4123 690 4160 ,
718 4067 825 4165 eique
851 4087 937 4140 cura
964 4063 1161 4141 immineat
1188 4068 1434 4163 animarum,
1461 4069 1636 4170 supereo
1663 4099 1815 4176 quoque

409 4203 508 4278 inter
533 4201 674 4298 aliquos
701 4196 777 4287 lis,
812 4190 914 4280 cuius
941 4188 1075 4266 ilatum
1109 4191 1344 4289 presentibus
1376 4177 1500 4276 baberi
1538 4203 1714 4281 volumus
1742 4231 1812 4304 pro
1881 4176 1884 4179 Α

390 4323 593 4427 «expresso,
620 4313 778 4419 pendeat
806 4317 993 4410 indecisa,
1018 4319 1424 4417 dummodorempore
1447 4325 1621 4408 datarum
1650 4329 1809 4430 praesen.

406 4454 500 4530 tium
531 4471 610 4526 non
639 4445 680 4521 fit
709 4445 746 4519 in
771 4465 814 4517 ea
835 4445 941 4518 alicui
964 4439 1163 4539 specialiter
1183 4443 1484 4543 iusquaesrtum,
1509 4461 1594 4530 cum
1623 4459 1815 4544 illiusLEs·

386 4577 539 4672 ·clesra,
568 4566 759 4662 Sacrillia,
784 4567 1050 4664 Dormirorio,
1079 4567 1312 4667 aestuoso,
1336 4577 1452 4669 ortis,
1477 4583 1680 4681 orticidiis,
1705 4589 1813 4670 habi.

406 4703 637 4795 rationibus,
666 4697 810 4796 bortis,
843 4695 1051 4794 frutribus,
1078 4697 1310 4794 redditibus,
1345 4707 1621 4830 proventibus,
1654 4715 1792 4806 juribus

1627 4847 1664 4922 dt
1686 4869 1766 4945 per·

1807 4799 1823 4840 1
