<?xml version="1.0" encoding="UTF-8"?>
<!DOCTYPE html PUBLIC "-//W3C//DTD XHTML 1.0 Transitional//EN"
    "http://www.w3.org/TR/xhtml1/DTD/xhtml1-transitional.dtd">
<html xmlns="http://www.w3.org/1999/xhtml" xml:lang="en" lang="en">
 <head>
  <title>
</title>
<meta http-equiv="Content-Type" content="text/html;charset=utf-8" />
  <meta name='ocr-system' content='tesseract 3.04.00' />
  <meta name='ocr-capabilities' content='ocr_page ocr_carea ocr_par ocr_line ocrx_word'/>
</head>
<body>
  <div class='ocr_page' id='page_1' title='image "./veterahumiliato00braigoog_0276.png"; bbox 0 0 3970 6230; ppageno 0'>
   <div class='ocr_carea' id='block_1_1' title="bbox 141 525 1629 1790">
    <p class='ocr_par' dir='ltr' id='par_1_1' title="bbox 141 525 1629 1790">
     <span class='ocr_line' id='line_1_1' title="bbox 523 525 1547 616; baseline -0.004 -8"><span class='ocrx_word' id='word_1_1' title='bbox 523 531 769 610; x_wconf 77' lang='lat' dir='ltr'>Onorrrrs</span> <span class='ocrx_word' id='word_1_2' title='bbox 797 528 1270 608; x_wconf 77' lang='lat' dir='ltr'>Hnnrsraronuu.</span> <span class='ocrx_word' id='word_1_3' title='bbox 1476 525 1547 616; x_wconf 87' lang='lat'>265</span> 
     </span>
     <span class='ocr_line' id='line_1_2' title="bbox 141 645 1594 757; baseline -0.003 -31"><span class='ocrx_word' id='word_1_4' title='bbox 141 646 271 757; x_wconf 67' lang='lat' dir='ltr'>bet,</span> <span class='ocrx_word' id='word_1_5' title='bbox 310 675 420 752; x_wconf 87' lang='lat' dir='ltr'>quam</span> <span class='ocrx_word' id='word_1_6' title='bbox 450 654 494 732; x_wconf 91' lang='lat' dir='ltr'>de</span> <span class='ocrx_word' id='word_1_7' title='bbox 520 653 820 753; x_wconf 74' lang='lat' dir='ltr'>Vicob&#39;oldono,</span> <span class='ocrx_word' id='word_1_8' title='bbox 837 658 975 736; x_wconf 89' lang='lat' dir='ltr'>habeat.</span> <span class='ocrx_word' id='word_1_9' title='bbox 993 659 1157 734; x_wconf 85' lang='lat' dir='ltr'>Clericos</span> <span class='ocrx_word' id='word_1_10' title='bbox 1184 649 1314 754; x_wconf 85' lang='lat' dir='ltr'>viginti</span> <span class='ocrx_word' id='word_1_11' title='bbox 1338 646 1527 750; x_wconf 83' lang='lat' dir='ltr'>quinque:</span> <span class='ocrx_word' id='word_1_12' title='bbox 1557 645 1594 722; x_wconf 70' lang='grc' dir='ltr'>ὅ(</span> 
     </span>
     <span class='ocr_line' id='line_1_3' title="bbox 142 766 1595 876; baseline 0.001 -27"><span class='ocrx_word' id='word_1_13' title='bbox 142 775 209 850; x_wconf 77' lang='lat' dir='ltr'>sac</span> <span class='ocrx_word' id='word_1_14' title='bbox 248 777 499 876; x_wconf 85' lang='lat' dir='ltr'>de·pluribus</span> <span class='ocrx_word' id='word_1_15' title='bbox 536 785 615 856; x_wconf 85' lang='lat' dir='ltr'>aliis</span> <span class='ocrx_word' id='word_1_16' title='bbox 641 783 810 858; x_wconf 86' lang='lat' dir='ltr'>domibus</span> <span class='ocrx_word' id='word_1_17' title='bbox 846 812 855 873; x_wconf 84' lang='lat'>3</span> <span class='ocrx_word' id='word_1_18' title='bbox 891 789 928 862; x_wconf 75' lang='lat' dir='ltr'>ds</span> <span class='ocrx_word' id='word_1_19' title='bbox 955 786 1039 860; x_wconf 87' lang='lat' dir='ltr'>lieet</span> <span class='ocrx_word' id='word_1_20' title='bbox 1079 786 1202 860; x_wconf 76' lang='lat' dir='ltr'>multae</span> <span class='ocrx_word' id='word_1_21' title='bbox 1239 782 1372 856; x_wconf 83' lang='lat' dir='ltr'>domus</span> <span class='ocrx_word' id='word_1_22' title='bbox 1407 766 1595 850; x_wconf 66' lang='lat' dir='ltr'>diffaIcatae</span> 
     </span>
     <span class='ocr_line' id='line_1_4' title="bbox 145 895 1598 1002; baseline -0.003 -28"><span class='ocrx_word' id='word_1_23' title='bbox 145 898 266 976; x_wconf 87' lang='lat' dir='ltr'>sunt</span> <span class='ocrx_word' id='word_1_24' title='bbox 304 903 452 976; x_wconf 76' lang='lat' dir='ltr'>adidiis</span> <span class='ocrx_word' id='word_1_25' title='bbox 480 905 801 992; x_wconf 80' lang='lat' dir='ltr'>conflirurionibus</span> <span class='ocrx_word' id='word_1_26' title='bbox 827 911 999 1000; x_wconf 78' lang='lat' dir='ltr'>circiter,</span> <span class='ocrx_word' id='word_1_27' title='bbox 1040 913 1076 984; x_wconf 82' lang='lat' dir='ltr'>de</span> <span class='ocrx_word' id='word_1_28' title='bbox 1105 910 1234 1002; x_wconf 70' lang='lat' dir='ltr'>aliquan</span> <span class='ocrx_word' id='word_1_29' title='bbox 1268 899 1443 990; x_wconf 76' lang='lat' dir='ltr'>adjunua</span> <span class='ocrx_word' id='word_1_30' title='bbox 1486 895 1598 986; x_wconf 73' lang='lat' dir='ltr'>suna,</span> 
     </span>
     <span class='ocr_line' id='line_1_5' title="bbox 146 1026 1594 1132; baseline 0.003 -33"><span class='ocrx_word' id='word_1_31' title='bbox 146 1043 317 1102; x_wconf 83' lang='lat' dir='ltr'>tar-nen</span> <span class='ocrx_word' id='word_1_32' title='bbox 357 1032 514 1126; x_wconf 88' lang='lat' dir='ltr'>quaudo</span> <span class='ocrx_word' id='word_1_33' title='bbox 533 1030 624 1106; x_wconf 87' lang='lat' dir='ltr'>Deo</span> <span class='ocrx_word' id='word_1_34' title='bbox 664 1035 871 1130; x_wconf 79' lang='lat' dir='ltr'>placuerit,</span> <span class='ocrx_word' id='word_1_35' title='bbox 908 1035 1006 1132; x_wconf 89' lang='lat' dir='ltr'>quod</span> <span class='ocrx_word' id='word_1_36' title='bbox 1047 1029 1108 1106; x_wconf 89' lang='lat' dir='ltr'>fiat</span> <span class='ocrx_word' id='word_1_37' title='bbox 1135 1027 1352 1125; x_wconf 84' lang='lat' dir='ltr'>Capitulum</span> <span class='ocrx_word' id='word_1_38' title='bbox 1393 1026 1594 1120; x_wconf 76' lang='lat' dir='ltr'>generale,</span> 
     </span>
     <span class='ocr_line' id='line_1_6' title="bbox 147 1146 1629 1252; baseline 0 -24"><span class='ocrx_word' id='word_1_39' title='bbox 147 1175 272 1228; x_wconf 84' lang='lat' dir='ltr'>tunc</span> <span class='ocrx_word' id='word_1_40' title='bbox 305 1153 356 1245; x_wconf 91' lang='lat' dir='ltr'>ii,</span> <span class='ocrx_word' id='word_1_41' title='bbox 384 1155 443 1252; x_wconf 91' lang='lat' dir='ltr'>qui</span> <span class='ocrx_word' id='word_1_42' title='bbox 471 1177 580 1230; x_wconf 91' lang='lat' dir='ltr'>erunt</span> <span class='ocrx_word' id='word_1_43' title='bbox 608 1155 682 1247; x_wconf 92' lang='lat' dir='ltr'>ibi,</span> <span class='ocrx_word' id='word_1_44' title='bbox 709 1153 822 1232; x_wconf 85' lang='lat' dir='ltr'>scient</span> <span class='ocrx_word' id='word_1_45' title='bbox 851 1158 910 1233; x_wconf 90' lang='lat' dir='ltr'>ubi</span> <span class='ocrx_word' id='word_1_46' title='bbox 942 1155 1061 1234; x_wconf 84' lang='lat' dir='ltr'>sedere</span> <span class='ocrx_word' id='word_1_47' title='bbox 1087 1153 1308 1243; x_wconf 85' lang='lat' dir='ltr'>debebunt,</span> <span class='ocrx_word' id='word_1_48' title='bbox 1336 1167 1413 1224; x_wconf 88' lang='lat' dir='ltr'>tam</span> <span class='ocrx_word' id='word_1_49' title='bbox 1442 1146 1629 1244; x_wconf 65' lang='lat' dir='ltr'>Prepa:</span> 
     </span>
     <span class='ocr_line' id='line_1_7' title="bbox 151 1273 1605 1380; baseline 0 -26"><span class='ocrx_word' id='word_1_50' title='bbox 151 1275 230 1354; x_wconf 77' lang='lat' dir='ltr'>sni</span> <span class='ocrx_word' id='word_1_51' title='bbox 266 1280 502 1378; x_wconf 86' lang='lat' dir='ltr'>deprimo,</span> <span class='ocrx_word' id='word_1_52' title='bbox 541 1307 652 1380; x_wconf 85' lang='lat' dir='ltr'>quam</span> <span class='ocrx_word' id='word_1_53' title='bbox 680 1282 822 1376; x_wconf 78' lang='lat' dir='ltr'>Praelati</span> <span class='ocrx_word' id='word_1_54' title='bbox 858 1287 903 1358; x_wconf 90' lang='lat' dir='ltr'>de</span> <span class='ocrx_word' id='word_1_55' title='bbox 930 1283 1088 1360; x_wconf 87' lang='lat' dir='ltr'>secundo</span> <span class='ocrx_word' id='word_1_56' title='bbox 1114 1281 1267 1358; x_wconf 84' lang='lat' dir='ltr'><strong>ordine.</strong></span> <span class='ocrx_word' id='word_1_57' title='bbox 1306 1275 1378 1356; x_wconf 85' lang='lat' dir='ltr'>Sed</span> <span class='ocrx_word' id='word_1_58' title='bbox 1411 1275 1493 1350; x_wconf 89' lang='lat' dir='ltr'>illas</span> <span class='ocrx_word' id='word_1_59' title='bbox 1526 1273 1605 1354; x_wconf 79' lang='lat' dir='ltr'>‹lo-1</span> 
     </span>
     <span class='ocr_line' id='line_1_8' title="bbox 149 1400 1589 1508; baseline -0.001 -31"><span class='ocrx_word' id='word_1_60' title='bbox 149 1426 297 1496; x_wconf 87' lang='lat' dir='ltr'>mos,</span> <span class='ocrx_word' id='word_1_61' title='bbox 325 1428 404 1501; x_wconf 78' lang='lat' dir='ltr'>quae</span> <span class='ocrx_word' id='word_1_62' title='bbox 431 1407 607 1494; x_wconf 76' lang='lat' dir='ltr'>adiundire</span> <span class='ocrx_word' id='word_1_63' title='bbox 635 1409 744 1504; x_wconf 88' lang='lat' dir='ltr'>suot,</span> <span class='ocrx_word' id='word_1_64' title='bbox 772 1435 834 1508; x_wconf 89' lang='lat' dir='ltr'>per</span> <span class='ocrx_word' id='word_1_65' title='bbox 860 1431 1000 1486; x_wconf 84' lang='lat' dir='ltr'>turmas</span> <span class='ocrx_word' id='word_1_66' title='bbox 1026 1403 1177 1482; x_wconf 85' lang='lat' dir='ltr'>inferius</span> <span class='ocrx_word' id='word_1_67' title='bbox 1203 1401 1398 1493; x_wconf 83' lang='lat' dir='ltr'>dividam,</span> <span class='ocrx_word' id='word_1_68' title='bbox 1431 1400 1589 1476; x_wconf 80' lang='lat' dir='ltr'>ut&#39;novi</span> 
     </span>
     <span class='ocr_line' id='line_1_9' title="bbox 153 1519 1596 1632; baseline -0.004 -28"><span class='ocrx_word' id='word_1_69' title='bbox 153 1527 369 1605; x_wconf 76' lang='lat' dir='ltr'>fraterculi</span> <span class='ocrx_word' id='word_1_70' title='bbox 396 1531 612 1620; x_wconf 81' lang='lat' dir='ltr'>dividuntur</span> <span class='ocrx_word' id='word_1_71' title='bbox 639 1535 678 1608; x_wconf 93' lang='lat' dir='ltr'>in</span> <span class='ocrx_word' id='word_1_72' title='bbox 706 1535 840 1612; x_wconf 85' lang='lat' dir='ltr'>Choro</span> <span class='ocrx_word' id='word_1_73' title='bbox 862 1533 1129 1632; x_wconf 86' lang='lat' dir='ltr'>&#39;psallentium,</span> <span class='ocrx_word' id='word_1_74' title='bbox 1155 1525 1257 1602; x_wconf 84' lang='lat' dir='ltr'>salvo</span> <span class='ocrx_word' id='word_1_75' title='bbox 1283 1526 1382 1624; x_wconf 86' lang='lat' dir='ltr'>quod</span> <span class='ocrx_word' id='word_1_76' title='bbox 1410 1521 1437 1600; x_wconf 84' lang='lat' dir='ltr'>sr</span> <span class='ocrx_word' id='word_1_77' title='bbox 1464 1525 1508 1598; x_wconf 87' lang='lat' dir='ltr'>in·</span> <span class='ocrx_word' id='word_1_78' title='bbox 1530 1519 1596 1598; x_wconf 69' lang='lat' dir='ltr'>fu-⁸</span> 
     </span>
     <span class='ocr_line' id='line_1_10' title="bbox 158 1649 1599 1790; baseline -0.006 -57"><span class='ocrx_word' id='word_1_79' title='bbox 158 1675 273 1734; x_wconf 80' lang='lat' dir='ltr'>turo</span> <span class='ocrx_word' id='word_1_80' title='bbox 303 1660 424 1790; x_wconf 65' lang='lat' dir='ltr'>primo</span> <span class='ocrx_word' id='word_1_81' title='bbox 451 1657 625 1756; x_wconf 84' lang='lat' dir='ltr'>Capitulo</span> <span class='ocrx_word' id='word_1_82' title='bbox 651 1655 759 1736; x_wconf 88' lang='lat' dir='ltr'>fuerit</span> <span class='ocrx_word' id='word_1_83' title='bbox 788 1661 919 1758; x_wconf 89' lang='lat' dir='ltr'>aliquis</span> <span class='ocrx_word' id='word_1_84' title='bbox 945 1659 1143 1748; x_wconf 68' lang='lat' dir='ltr'>Prolatus,</span> <span class='ocrx_word' id='word_1_85' title='bbox 1172 1677 1249 1730; x_wconf 94' lang='lat' dir='ltr'>non</span> <span class='ocrx_word' id='word_1_86' title='bbox 1273 1649 1540 1736; x_wconf 77' lang='lat' dir='ltr'>Sacerdosdtc.</span> <span class='ocrx_word' id='word_1_87' title='bbox 1595 1669 1599 1680; x_wconf 86' lang='grc'>’</span> 
     </span>
    </p>
   </div>
   <div class='ocr_carea' id='block_1_2' title="bbox 305 1855 1508 1958">
    <p class='ocr_par' dir='ltr' id='par_1_2' title="bbox 305 1855 1508 1958">
     <span class='ocr_line' id='line_1_11' title="bbox 305 1855 1508 1958; baseline -0.002 -26"><span class='ocrx_word' id='word_1_88' title='bbox 305 1865 434 1936; x_wconf 81' lang='lat' dir='ltr'>Domus</span> <span class='ocrx_word' id='word_1_89' title='bbox 458 1863 564 1958; x_wconf 83' lang='lat' dir='ltr'>primi</span> <span class='ocrx_word' id='word_1_90' title='bbox 588 1864 746 1942; x_wconf 83' lang='lat' dir='ltr'>Ordinis.</span> <span class='ocrx_word' id='word_1_91' title='bbox 991 1867 1119 1936; x_wconf 83' lang='lat' dir='ltr'>Damus</span> <span class='ocrx_word' id='word_1_92' title='bbox 1143 1859 1182 1934; x_wconf 85' lang='lat' dir='ltr'>de</span> <span class='ocrx_word' id='word_1_93' title='bbox 1201 1855 1339 1954; x_wconf 79' lang='lat' dir='ltr'>secando</span> <span class='ocrx_word' id='word_1_94' title='bbox 1364 1855 1508 1930; x_wconf 84' lang='lat' dir='ltr'>Ordine.</span> 
     </span>
    </p>
   </div>
   <div class='ocr_carea' id='block_1_3' title="bbox 95 2023 1632 4255">
    <p class='ocr_par' dir='ltr' id='par_1_3' title="bbox 95 2023 1514 2759">
     <span class='ocr_line' id='line_1_12' title="bbox 161 2023 1500 2128; baseline -0.003 -18"><span class='ocrx_word' id='word_1_95' title='bbox 161 2023 409 2112; x_wconf 81' lang='lat' dir='ltr'>Domusde</span> <span class='ocrx_word' id='word_1_96' title='bbox 435 2035 707 2123; x_wconf 82' lang='lat' dir='ltr'>Roodenario.</span> <span class='ocrx_word' id='word_1_97' title='bbox 912 2033 1065 2114; x_wconf 86' lang='lat' dir='ltr'>Domus</span> <span class='ocrx_word' id='word_1_98' title='bbox 1091 2033 1237 2128; x_wconf 77' lang='lat' dir='ltr'>Brerae,</span> <span class='ocrx_word' id='word_1_99' title='bbox 1266 2030 1500 2114; x_wconf 88' lang='lat' dir='ltr'>Mediolani.</span> 
     </span>
     <span class='ocr_line' id='line_1_13' title="bbox 129 2155 1489 2253; baseline -0.004 -16"><span class='ocrx_word' id='word_1_100' title='bbox 129 2157 242 2237; x_wconf 50' lang='lat' dir='ltr'>*De</span> <span class='ocrx_word' id='word_1_101' title='bbox 276 2159 563 2238; x_wconf 85' lang='lat' dir='ltr'>Vicoboldono.</span> <span class='ocrx_word' id='word_1_102' title='bbox 912 2162 1068 2241; x_wconf 88' lang='lat' dir='ltr'>Domus</span> <span class='ocrx_word' id='word_1_103' title='bbox 1092 2163 1229 2253; x_wconf 86' lang='lat' dir='ltr'>Nova,</span> <span class='ocrx_word' id='word_1_104' title='bbox 1256 2155 1489 2234; x_wconf 77' lang='lat' dir='ltr'>Mediolani.</span> 
     </span>
     <span class='ocr_line' id='line_1_14' title="bbox 95 2279 1420 2387; baseline -0.002 -27"><span class='ocrx_word' id='word_1_105' title='bbox 95 2369 99 2378; x_wconf 32' lang='lat'>¹</span> <span class='ocrx_word' id='word_1_106' title='bbox 165 2279 242 2360; x_wconf 88' lang='lat' dir='ltr'>De</span> <span class='ocrx_word' id='word_1_107' title='bbox 275 2283 591 2386; x_wconf 82' lang='lat' dir='ltr'>Vigalono,quae</span> <span class='ocrx_word' id='word_1_108' title='bbox 616 2288 864 2366; x_wconf 81' lang='lat' dir='ltr'>diciturdella</span> <span class='ocrx_word' id='word_1_109' title='bbox 914 2290 950 2365; x_wconf 96' lang='grc'>8.</span> <span class='ocrx_word' id='word_1_110' title='bbox 978 2289 1160 2387; x_wconf 83' lang='lat' dir='ltr'>Spiritus,</span> <span class='ocrx_word' id='word_1_111' title='bbox 1187 2281 1420 2358; x_wconf 77' lang='lat' dir='ltr'>Mediolani.</span> 
     </span>
     <span class='ocr_line' id='line_1_15' title="bbox 184 2395 1464 2508; baseline 0.001 -25"><span class='ocrx_word' id='word_1_112' title='bbox 184 2397 186 2400; x_wconf 34' lang='lat'>⁵</span> <span class='ocrx_word' id='word_1_113' title='bbox 232 2395 396 2501; x_wconf 73' lang='lat' dir='ltr'>Corona,</span> <span class='ocrx_word' id='word_1_114' title='bbox 423 2410 564 2508; x_wconf 79' lang='lat' dir='ltr'>Papiae.</span> <span class='ocrx_word' id='word_1_115' title='bbox 920 2411 982 2487; x_wconf 89' lang='lat' dir='ltr'>De</span> <span class='ocrx_word' id='word_1_116' title='bbox 1009 2411 1208 2500; x_wconf 86' lang='lat' dir='ltr'>Glaxirte,</span> <span class='ocrx_word' id='word_1_117' title='bbox 1234 2407 1464 2484; x_wconf 81' lang='lat' dir='ltr'>Mediolani.</span> 
     </span>
     <span class='ocr_line' id='line_1_16' title="bbox 170 2531 1514 2628; baseline -0.001 -18"><span class='ocrx_word' id='word_1_118' title='bbox 170 2533 216 2610; x_wconf 91' lang='grc'>8.</span> <span class='ocrx_word' id='word_1_119' title='bbox 248 2531 473 2627; x_wconf 83' lang='lat' dir='ltr'>Cristofori,</span> <span class='ocrx_word' id='word_1_120' title='bbox 498 2533 648 2618; x_wconf 85' lang='lat' dir='ltr'>Laude.</span> <span class='ocrx_word' id='word_1_121' title='bbox 862 2567 872 2598; x_wconf 86' lang='lat'>··</span> <span class='ocrx_word' id='word_1_122' title='bbox 911 2535 948 2615; x_wconf 86' lang='lat' dir='ltr'>S.</span> <span class='ocrx_word' id='word_1_123' title='bbox 974 2531 1191 2628; x_wconf 87' lang='lat' dir='ltr'>Calimerii,</span> <span class='ocrx_word' id='word_1_124' title='bbox 1218 2532 1450 2609; x_wconf 92' lang='lat' dir='ltr'>Mediolani.</span> <span class='ocrx_word' id='word_1_125' title='bbox 1502 2555 1514 2578; x_wconf 67' lang='lat'>⁸</span> 
     </span>
     <span class='ocr_line' id='line_1_17' title="bbox 172 2656 1486 2759; baseline -0.001 -24"><span class='ocrx_word' id='word_1_126' title='bbox 172 2658 374 2736; x_wconf 84' lang='lat' dir='ltr'>Omnium</span> <span class='ocrx_word' id='word_1_127' title='bbox 397 2662 486 2750; x_wconf 87' lang='lat' dir='ltr'>SS.‚</span> <span class='ocrx_word' id='word_1_128' title='bbox 512 2686 594 2759; x_wconf 71' lang='lat' dir='ltr'>que</span> <span class='ocrx_word' id='word_1_129' title='bbox 617 2659 751 2739; x_wconf 75' lang='lat' dir='ltr'>dicitur</span> <span class='ocrx_word' id='word_1_130' title='bbox 777 2662 844 2738; x_wconf 87' lang='lat' dir='ltr'>dell</span> <span class='ocrx_word' id='word_1_131' title='bbox 917 2659 981 2738; x_wconf 93' lang='lat' dir='ltr'>De</span> <span class='ocrx_word' id='word_1_132' title='bbox 1006 2659 1225 2750; x_wconf 88' lang='lat' dir='ltr'>Marliano,</span> <span class='ocrx_word' id='word_1_133' title='bbox 1251 2656 1486 2736; x_wconf 88' lang='lat' dir='ltr'>Mediolani.</span> 
     </span>
    </p>

    <p class='ocr_par' dir='ltr' id='par_1_4' title="bbox 175 2775 1632 4255">
     <span class='ocr_line' id='line_1_18' title="bbox 225 2775 1632 2877; baseline -0.002 -15"><span class='ocrx_word' id='word_1_134' title='bbox 225 2787 365 2877; x_wconf 73' lang='lat' dir='ltr'>Vim,</span> <span class='ocrx_word' id='word_1_135' title='bbox 391 2782 538 2862; x_wconf 79' lang='lat' dir='ltr'>Laude.</span> <span class='ocrx_word' id='word_1_136' title='bbox 720 2837 722 2846; x_wconf 33' lang='grc' dir='ltr'><strong><em>ι</em></strong></span> <span class='ocrx_word' id='word_1_137' title='bbox 877 2775 882 2784; x_wconf 58' lang='grc'><strong>”</strong></span> <span class='ocrx_word' id='word_1_138' title='bbox 910 2785 974 2863; x_wconf 91' lang='lat' dir='ltr'>De</span> <span class='ocrx_word' id='word_1_139' title='bbox 1002 2779 1135 2861; x_wconf 84' lang='lat' dir='ltr'>Monte</span> <span class='ocrx_word' id='word_1_140' title='bbox 1160 2779 1547 2876; x_wconf 78' lang='lat' dir='ltr'>Forri,&#39;Mc&#39;diolani.</span> <span class='ocrx_word' id='word_1_141' title='bbox 1585 2801 1632 2819; x_wconf 74' lang='lat'>&#39;¹&#39;</span> 
     </span>
     <span class='ocr_line' id='line_1_19' title="bbox 179 2908 1471 3012; baseline -0.004 -24"><span class='ocrx_word' id='word_1_142' title='bbox 179 2911 220 2988; x_wconf 87' lang='lat' dir='ltr'>S.</span> <span class='ocrx_word' id='word_1_143' title='bbox 250 2908 386 3003; x_wconf 62' lang='lat' dir='ltr'>Luca,</span> <span class='ocrx_word' id='word_1_144' title='bbox 414 2911 571 2990; x_wconf 67' lang='lat' dir='ltr'>Bana.</span> <span class='ocrx_word' id='word_1_145' title='bbox 613 2963 619 2972; x_wconf 86' lang='lat'><em>-</em></span> <span class='ocrx_word' id='word_1_146' title='bbox 767 2962 774 2972; x_wconf 86' lang='lat'>-</span> <span class='ocrx_word' id='word_1_147' title='bbox 914 2909 978 2986; x_wconf 88' lang='lat' dir='ltr'>De</span> <span class='ocrx_word' id='word_1_148' title='bbox 1005 2913 1212 3012; x_wconf 80' lang='lat' dir='ltr'>Carugate,</span> <span class='ocrx_word' id='word_1_149' title='bbox 1239 2909 1471 2986; x_wconf 84' lang='lat' dir='ltr'>Mediolani.</span> 
     </span>
     <span class='ocr_line' id='line_1_20' title="bbox 178 3031 1604 3136; baseline -0.006 -20"><span class='ocrx_word' id='word_1_150' title='bbox 178 3039 218 3116; x_wconf 89' lang='lat' dir='ltr'>S.</span> <span class='ocrx_word' id='word_1_151' title='bbox 247 3034 431 3136; x_wconf 81' lang='lat' dir='ltr'>Martini,</span> <span class='ocrx_word' id='word_1_152' title='bbox 458 3039 653 3118; x_wconf 79' lang='lat' dir='ltr'>Vercellis.</span> <span class='ocrx_word' id='word_1_153' title='bbox 777 3087 782 3095; x_wconf 93' lang='lat'>·</span> <span class='ocrx_word' id='word_1_154' title='bbox 869 3087 874 3095; x_wconf 92' lang='lat'>-</span> <span class='ocrx_word' id='word_1_155' title='bbox 910 3037 948 3114; x_wconf 89' lang='grc'>8.</span> <span class='ocrx_word' id='word_1_156' title='bbox 975 3035 1264 3126; x_wconf 65' lang='lat' dir='ltr'>Bartholome&#39;rr</span> <span class='ocrx_word' id='word_1_157' title='bbox 1288 3031 1516 3126; x_wconf 76' lang='lat' dir='ltr'>Modoeliae.</span> <span class='ocrx_word' id='word_1_158' title='bbox 1601 3096 1604 3107; x_wconf 80' lang='grc'>,</span> 
     </span>
     <span class='ocr_line' id='line_1_21' title="bbox 175 3155 1400 3260; baseline 0.001 -25"><span class='ocrx_word' id='word_1_159' title='bbox 175 3155 247 3235; x_wconf 87' lang='lat' dir='ltr'>De</span> <span class='ocrx_word' id='word_1_160' title='bbox 273 3157 452 3257; x_wconf 85' lang='lat' dir='ltr'>Galgari,</span> <span class='ocrx_word' id='word_1_161' title='bbox 482 3159 682 3260; x_wconf 82' lang='lat' dir='ltr'>Bargomi.</span> <span class='ocrx_word' id='word_1_162' title='bbox 837 3213 866 3221; x_wconf 83' lang='lat'>·-</span> <span class='ocrx_word' id='word_1_163' title='bbox 910 3159 1027 3240; x_wconf 86' lang='lat' dir='ltr'>Medii</span> <span class='ocrx_word' id='word_1_164' title='bbox 1058 3159 1164 3254; x_wconf 85' lang='lat' dir='ltr'>Vici,</span> <span class='ocrx_word' id='word_1_165' title='bbox 1194 3159 1243 3234; x_wconf 94' lang='lat' dir='ltr'>ibi</span> <span class='ocrx_word' id='word_1_166' title='bbox 1272 3157 1400 3257; x_wconf 87' lang='lat' dir='ltr'>supra.</span> 
     </span>
     <span class='ocr_line' id='line_1_22' title="bbox 178 3281 1438 3383; baseline 0.005 -25"><span class='ocrx_word' id='word_1_167' title='bbox 178 3281 220 3358; x_wconf 87' lang='grc'>8.</span> <span class='ocrx_word' id='word_1_168' title='bbox 247 3281 626 3376; x_wconf 82' lang='lat' dir='ltr'>Crucis,Novariae.</span> <span class='ocrx_word' id='word_1_169' title='bbox 739 3345 743 3350; x_wconf 84' lang='lat'>.</span> <span class='ocrx_word' id='word_1_170' title='bbox 797 3285 799 3290; x_wconf 74' lang='grc'>’</span> <span class='ocrx_word' id='word_1_171' title='bbox 869 3283 949 3361; x_wconf 43' lang='grc'>’8.</span> <span class='ocrx_word' id='word_1_172' title='bbox 977 3281 1204 3376; x_wconf 84' lang='lat' dir='ltr'>Michaelis,</span> <span class='ocrx_word' id='word_1_173' title='bbox 1232 3285 1278 3358; x_wconf 92' lang='lat' dir='ltr'>ibi</span> <span class='ocrx_word' id='word_1_174' title='bbox 1307 3283 1438 3383; x_wconf 83' lang='lat' dir='ltr'>supra.</span> 
     </span>
     <span class='ocr_line' id='line_1_23' title="bbox 179 3401 1484 3512; baseline 0.008 -32"><span class='ocrx_word' id='word_1_175' title='bbox 179 3401 247 3482; x_wconf 90' lang='lat' dir='ltr'>De</span> <span class='ocrx_word' id='word_1_176' title='bbox 272 3410 368 3482; x_wconf 86' lang='lat' dir='ltr'>ultra</span> <span class='ocrx_word' id='word_1_177' title='bbox 395 3405 601 3504; x_wconf 85' lang='lat' dir='ltr'>Ticinum,</span> <span class='ocrx_word' id='word_1_178' title='bbox 625 3407 765 3505; x_wconf 68' lang='lat' dir='ltr'>Papio.</span> <span class='ocrx_word' id='word_1_179' title='bbox 908 3405 971 3482; x_wconf 91' lang='lat' dir='ltr'>De</span> <span class='ocrx_word' id='word_1_180' title='bbox 996 3403 1253 3504; x_wconf 84' lang='lat' dir='ltr'>Caragnago,</span> <span class='ocrx_word' id='word_1_181' title='bbox 1281 3408 1328 3484; x_wconf 89' lang='lat' dir='ltr'>ibi</span> <span class='ocrx_word' id='word_1_182' title='bbox 1356 3411 1484 3512; x_wconf 85' lang='lat' dir='ltr'>supra.</span> 
     </span>
     <span class='ocr_line' id='line_1_24' title="bbox 181 3525 1389 3629; baseline 0.002 -23"><span class='ocrx_word' id='word_1_183' title='bbox 181 3529 245 3608; x_wconf 87' lang='lat' dir='ltr'>De</span> <span class='ocrx_word' id='word_1_184' title='bbox 271 3530 484 3629; x_wconf 84' lang='lat' dir='ltr'>Capuccio,</span> <span class='ocrx_word' id='word_1_185' title='bbox 514 3533 768 3609; x_wconf 76' lang='lat' dir='ltr'>Alexandria.</span> <span class='ocrx_word' id='word_1_186' title='bbox 907 3527 971 3617; x_wconf 84' lang='lat' dir='ltr'>De</span> <span class='ocrx_word' id='word_1_187' title='bbox 997 3525 1129 3622; x_wconf 89' lang='lat' dir='ltr'>Zeno,</span> <span class='ocrx_word' id='word_1_188' title='bbox 1155 3532 1389 3609; x_wconf 84' lang='lat' dir='ltr'>Cumarum.</span> 
     </span>
     <span class='ocr_line' id='line_1_25' title="bbox 181 3651 1406 3752; baseline -0.005 -16"><span class='ocrx_word' id='word_1_189' title='bbox 181 3661 219 3736; x_wconf 91' lang='grc'>8.</span> <span class='ocrx_word' id='word_1_190' title='bbox 244 3655 467 3752; x_wconf 85' lang='lat' dir='ltr'>Crillofori,</span> <span class='ocrx_word' id='word_1_191' title='bbox 498 3656 762 3737; x_wconf 78' lang='lat' dir='ltr'>Vercelleofis.</span> <span class='ocrx_word' id='word_1_192' title='bbox 910 3653 974 3731; x_wconf 92' lang='lat' dir='ltr'>De</span> <span class='ocrx_word' id='word_1_193' title='bbox 999 3651 1120 3730; x_wconf 87' lang='lat' dir='ltr'>Casali</span> <span class='ocrx_word' id='word_1_194' title='bbox 1147 3653 1312 3746; x_wconf 85' lang='lat' dir='ltr'>Maiori.</span> <span class='ocrx_word' id='word_1_195' title='bbox 1401 3721 1406 3730; x_wconf 93' lang='lat'>.</span> 
     </span>
     <span class='ocr_line' id='line_1_26' title="bbox 182 3777 1175 3878; baseline -0.006 -18"><span class='ocrx_word' id='word_1_196' title='bbox 182 3782 247 3860; x_wconf 86' lang='lat' dir='ltr'>De</span> <span class='ocrx_word' id='word_1_197' title='bbox 272 3783 365 3858; x_wconf 90' lang='lat' dir='ltr'>Vico</span> <span class='ocrx_word' id='word_1_198' title='bbox 393 3781 594 3878; x_wconf 83' lang='lat' dir='ltr'>superiori,</span> <span class='ocrx_word' id='word_1_199' title='bbox 627 3783 862 3860; x_wconf 83' lang='lat' dir='ltr'>Cumarum.</span> <span class='ocrx_word' id='word_1_200' title='bbox 913 3778 978 3858; x_wconf 89' lang='lat' dir='ltr'>De</span> <span class='ocrx_word' id='word_1_201' title='bbox 1006 3777 1175 3854; x_wconf 85' lang='lat' dir='ltr'>Varifio.</span> 
     </span>
     <span class='ocr_line' id='line_1_27' title="bbox 182 3902 1296 4004; baseline -0.004 -18"><span class='ocrx_word' id='word_1_202' title='bbox 182 3909 219 3986; x_wconf 89' lang='grc'>8.</span> <span class='ocrx_word' id='word_1_203' title='bbox 246 3907 436 3994; x_wconf 87' lang='lat' dir='ltr'>Simonis,</span> <span class='ocrx_word' id='word_1_204' title='bbox 462 3905 658 3985; x_wconf 69' lang='lat' dir='ltr'>Novaria.</span> <span class='ocrx_word' id='word_1_205' title='bbox 831 3972 839 3984; x_wconf 75' lang='grc'>,</span> <span class='ocrx_word' id='word_1_206' title='bbox 910 3903 974 3983; x_wconf 88' lang='lat' dir='ltr'>De</span> <span class='ocrx_word' id='word_1_207' title='bbox 1000 3902 1235 4004; x_wconf 79' lang='lat' dir='ltr'>Caravagio.</span> <span class='ocrx_word' id='word_1_208' title='bbox 1293 3973 1296 3982; x_wconf 89' lang='lat'>.</span> 
     </span>
     <span class='ocr_line' id='line_1_28' title="bbox 184 4029 1489 4134; baseline 0.007 -29"><span class='ocrx_word' id='word_1_209' title='bbox 184 4033 285 4108; x_wconf 85' lang='lat' dir='ltr'>Delia</span> <span class='ocrx_word' id='word_1_210' title='bbox 311 4036 499 4124; x_wconf 83' lang='lat' dir='ltr'>Canonica,</span> <span class='ocrx_word' id='word_1_211' title='bbox 528 4033 755 4112; x_wconf 84' lang='lat' dir='ltr'>Mediolani.</span> <span class='ocrx_word' id='word_1_212' title='bbox 904 4030 969 4108; x_wconf 90' lang='lat' dir='ltr'>De</span> <span class='ocrx_word' id='word_1_213' title='bbox 995 4029 1197 4126; x_wconf 83' lang='lat' dir='ltr'>Fornoro,</span> <span class='ocrx_word' id='word_1_214' title='bbox 1229 4033 1278 4109; x_wconf 93' lang='lat' dir='ltr'>ibi</span> <span class='ocrx_word' id='word_1_215' title='bbox 1306 4035 1433 4134; x_wconf 83' lang='lat' dir='ltr'>supra.</span> <span class='ocrx_word' id='word_1_216' title='bbox 1486 4105 1489 4114; x_wconf 94' lang='lat'>.</span> 
     </span>
     <span class='ocr_line' id='line_1_29' title="bbox 184 4159 1449 4255; baseline -0.006 -11"><span class='ocrx_word' id='word_1_217' title='bbox 184 4167 305 4244; x_wconf 79' lang='lat' dir='ltr'>Portae</span> <span class='ocrx_word' id='word_1_218' title='bbox 330 4163 561 4255; x_wconf 85' lang='lat' dir='ltr'>Orientalis,</span> <span class='ocrx_word' id='word_1_219' title='bbox 588 4159 819 4238; x_wconf 88' lang='lat' dir='ltr'>Mediolani.</span> <span class='ocrx_word' id='word_1_220' title='bbox 911 4159 975 4238; x_wconf 85' lang='lat' dir='ltr'>De</span> <span class='ocrx_word' id='word_1_221' title='bbox 1003 4161 1161 4236; x_wconf 86' lang='lat' dir='ltr'>Parma.</span> <span class='ocrx_word' id='word_1_222' title='bbox 1194 4161 1200 4170; x_wconf 83' lang='lat'>&#39;</span> <span class='ocrx_word' id='word_1_223' title='bbox 1445 4173 1449 4182; x_wconf 91' lang='lat'>&#39;</span> 
     </span>
    </p>
   </div>
   <div class='ocr_carea' id='block_1_4' title="bbox 187 4283 1416 4513">
    <p class='ocr_par' dir='ltr' id='par_1_5' title="bbox 187 4283 1416 4513">
     <span class='ocr_line' id='line_1_30' title="bbox 187 4283 1416 4400; baseline -0.001 -33"><span class='ocrx_word' id='word_1_224' title='bbox 187 4287 584 4380; x_wconf 75' lang='lat' dir='ltr'>Portae-Vercellina,</span> <span class='ocrx_word' id='word_1_225' title='bbox 625 4285 857 4400; x_wconf 84' lang='lat' dir='ltr'>Mediolani.</span> <span class='ocrx_word' id='word_1_226' title='bbox 909 4284 947 4362; x_wconf 88' lang='lat' dir='ltr'>S.</span> <span class='ocrx_word' id='word_1_227' title='bbox 977 4284 1167 4379; x_wconf 82' lang='lat' dir='ltr'>Abundii,</span> <span class='ocrx_word' id='word_1_228' title='bbox 1193 4283 1416 4366; x_wconf 88' lang='lat' dir='ltr'>Cremonae.</span> 
     </span>
     <span class='ocr_line' id='line_1_31' title="bbox 188 4405 1416 4513; baseline 0 -21"><span class='ocrx_word' id='word_1_229' title='bbox 188 4411 249 4492; x_wconf 89' lang='lat' dir='ltr'>De</span> <span class='ocrx_word' id='word_1_230' title='bbox 276 4409 563 4488; x_wconf 81' lang='lat' dir='ltr'>Monelralerio.</span> <span class='ocrx_word' id='word_1_231' title='bbox 913 4407 950 4488; x_wconf 92' lang='grc'>8.</span> <span class='ocrx_word' id='word_1_232' title='bbox 976 4405 1184 4504; x_wconf 86' lang='lat' dir='ltr'>Gulielmi,</span> <span class='ocrx_word' id='word_1_233' title='bbox 1210 4410 1260 4488; x_wconf 92' lang='lat' dir='ltr'>ibi</span> <span class='ocrx_word' id='word_1_234' title='bbox 1287 4405 1416 4513; x_wconf 85' lang='lat' dir='ltr'>supra.</span> 
     </span>
    </p>
   </div>
   <div class='ocr_carea' id='block_1_5' title="bbox 21 4653 1545 4758">
    <p class='ocr_par' dir='ltr' id='par_1_6' title="bbox 21 4625 1545 4758">
     <span class='ocr_line' id='line_1_32' title="bbox 21 4653 1545 4758; baseline 0.005 -26"><span class='ocrx_word' id='word_1_235' title='bbox 21 4725 22 4732; x_wconf 32' lang='grc'><strong>.</strong></span> <span class='ocrx_word' id='word_1_236' title='bbox 130 4653 140 4746; x_wconf 65' lang='lat' dir='ltr'>j</span> <span class='ocrx_word' id='word_1_237' title='bbox 237 4667 417 4741; x_wconf 65' lang='lat' dir='ltr'>roman.</span> <span class='ocrx_word' id='word_1_238' title='bbox 768 4669 775 4680; x_wconf 92' lang='lat'><strong>·</strong></span> <span class='ocrx_word' id='word_1_239' title='bbox 929 4655 1001 4735; x_wconf 74' lang='grc' dir='ltr'>ιι</span> <span class='ocrx_word' id='word_1_240' title='bbox 1451 4670 1545 4758; x_wconf 67' lang='lat' dir='ltr'>nem,</span> 
     </span>
    </p>
   </div>
   <div class='ocr_carea' id='block_1_6' title="bbox 0 0 2009 6228">
    <p class='ocr_par' dir='ltr' id='par_1_7' title="bbox 0 0 2009 6228">
     <span class='ocr_line' id='line_1_33' title="bbox 0 0 2009 6228; baseline 0 0"><span class='ocrx_word' id='word_1_241' title='bbox 0 0 2009 6228; x_wconf 95' lang='lat' dir='ltr'> </span> 
     </span>
    </p>
   </div>
  </div>
 </body>
</html>
