4100 5500
366 615 420 670 tu
456 593 859 672 Genauautunn
890 595 1159 680 Coutetts
1196 621 1393 678 auxta.
1462 598 1531 694 165

412 803 464 871 De
475 801 683 875 conventione
693 802 831 898 pecunia
843 828 917 878 cum
929 807 1171 884 comentibus.
1191 815 1273 906 Cap.
1290 809 1354 880 tx.

161 963 316 1142 lTem
350 967 541 1048 llatt'timus
564 977 602 1053 &
623 977 863 1069 ordinamus,
890 981 990 1076 quod
1014 985 1136 1060 nullus
1161 979 1377 1079 Praepolitus
1404 973 1459 1048 vet
1486 969 1580 1047 Pra-

237 1098 346 1171 latus
373 1096 417 1172 de
445 1119 576 1174 caetero
605 1100 831 1197 paciscatur,
859 1108 915 1180 vel
943 1112 1141 1187 conveniat
1169 1136 1253 1186 cum
1282 1110 1347 1184 suo
1376 1105 1580 1180 Conventu

160 1217 208 1292 de
237 1242 344 1296 certa
373 1228 580 1320 quantitate
608 1227 849 1319 viliualium,
875 1232 930 1304 vel
953 1235 1066 1309 etiam
1089 1238 1250 1332 pecunia
1272 1239 1335 1330 pro
1358 1223 1581 1304 uestimentis

156 1344 262 1418 ultra
294 1350 544 1443 quantitatem
583 1347 1005 1450 libratum'quindecim
1044 1354 1330 1454 imperialium,
1367 1355 1485 1429 eidem
1517 1375 1581 1447 per

158 1465 275 1544 suum
306 1471 552 1549 Contentum
583 1475 815 1554 tribuendam
845 1481 900 1554 vel
927 1479 1112 1556 dandam.
1141 1478 1189 1557 Et
1217 1481 1243 1557 st
1272 1483 1402 1580 aliquis
1429 1477 1574 1572 Praepn·

158 1591 254 1670 sttus
285 1599 346 1671 vel
377 1596 551 1674 Praelatus
576 1603 751 1678 convenit
779 1604 836 1676 vel
865 1600 1048 1699 paciscitus
1074 1603 1173 1698 fuit,
1212 1609 1325 1682 talem
1352 1604 1575 1681 conventio·

158 1741 254 1794 nem
287 1723 348 1796 vel
378 1725 521 1817 pallum
551 1749 628 1798 non
659 1725 803 1819 seruet,
830 1751 895 1802 nec
919 1730 1053 1806 distem
1078 1735 1322 1830 quantitatem
1349 1731 1404 1806 vel
1431 1732 1571 1828 portio-

163 1867 257 1920 nem
290 1849 467 1944 rccipiat‚
497 1846 564 1923 nist
590 1847 687 1925 forte
718 1851 800 1924 talis
827 1849 1042 1947 Ptaepofitus
1068 1857 1123 1931 vel
1148 1855 1320 1930 Praelatus
1346 1876 1491 1950 propter
1510 1856 1578 1929 lai·

155 1979 283 2052 nalem
313 1980 517 2074 potentiam
546 1981 601 2054 vel
632 1981 741 2054 aliam
765 1979 974 2073 legitimam
995 1975 1140 2072 causam
1165 2005 1226 2076 per
1246 1977 1465 2055 Dominum
1492 1975 1577 2052 Ma·

156 2101 322 2199 gistrum
351 2103 608 2202 approbatam,
641 2105 678 2176 in
703 2100 773 2178 ‚suo
804 2102 1008 2180 Conventu
1035 2104 1125 2181 liare
1153 2129 1233 2180 non
1258 2105 1386 2178 audeat
1410 2106 1465 2177 vel
1490 2127 1569 2179 nott

159 2228 294 2328 poffit.
324 2228 398 2325 Qui
424 2252 546 2304 autem
572 2251 699 2303 contta
720 2225 842 2303 fecerit
864 2253 911 2305 eo
935 2230 1010 2327 ipso
1032 2237 1158 2328 vigore
1179 2225 1571 2327 Constitutiqnisprae.

158 2353 277 2432 sentis
307 2355 349 2432 stt
377 2383 397 2431 a
425 2353 664 2454 Ptaepofitura
694 2355 749 2428 vel
778 2351 973 2429 Ptaelatuta
1001 2357 1186 2451 priuatus.
1559 2373 1562 2381 ·

184 2563 242 2631 De
269 2559 377 2634 Feria
398 2557 537 2654 secunda
558 2551 600 2634 ln
618 2553 724 2628 tertia
746 2551 812 2653 post
837 2555 1048 2655 Dominicam
1071 2558 1366 2656 Quinquagessmae.
1392 2563 1473 2654 Cap,
1495 2567 1564 2647 X.

205 2730 310 2806 Tem
339 2731 528 2808 statuimus
561 2735 597 2808 lt
632 2729 883 2816 ordinamus,
917 2730 1016 2828 quod
1053 2729 1078 2806 fi
1115 2732 1310 2826 contigerit
1339 2729 1554 2811 Dominum

233 2853 458 2953 Magistrum
486 2860 541 2933 vel
569 2856 750 2959 quoslibet
776 2855 989 2932 Vilitatores
1017 2856 1075 2933 seu
1103 2863 1215 2934 etiam
1246 2859 1431 2954 proprium
1463 2857 1557 2936 Pta-

154 2977 322 3074 nofitum
353 2985 408 3056 tel
436 2979 631 3056 Praelatum
660 2979 815 3076 reperire
838 2983 999 3080 aliquem
1024 2981 1126 3057 suum
1149 2983 1342 3058 Subditum
1366 2981 1561 3058 comedisse

154 3124 285 3178 carnes
313 3105 368 3178 tel
397 3103 644 3205 quoscumque
672 3105 765 3178 alios
790 3106 890 3178 eibos
919 3129 997 3178 non
1026 3101 1363 3200 Quadragefimales
1399 3105 1553 3186 secunda

154 3233 212 3304 vel
241 3233 346 3307 tertia
375 3231 476 3308 Faria
500 3231 575 3329 poli
598 3231 842 3314 Dominicam
868 3227 915 3309 tie
937 3228 1252 3332 Qinquagefima
1276 3237 1487 3313 immediata
1504 3233 1561 3317 se.

153 3359 310 3458 quenti,
336 3358 443 3434 illum
468 3360 579 3434 talem
603 3376 786 3455 repertum
801 3355 1030 3456 ,suspendant
1054 3360 1098 3436 ab
1120 3359 1252 3436 allibus
1273 3361 1451 3458 legitimis
1477 3367 1535 3485 (t)

1351 3851 1502 3934 NONA
1565 3869 1567 3876 '

1272 3980 1555 4004 m

151 4053 192 4128 (ι)
226 4053 330 4113 Clerici
359 4051 426 4109 olim
454 4049 673 4122 Quadragelimoe
695 4049 832 4134 jejunium
905 4055 1014 4136 Pascha
1029 4077 1125 4117 carnes
1143 4057 1284 4115 comedat.
1307 4057 1463 4129 Retularee
1478 4071 1544 4114 veto

185 4153 288 4214 aleria
320 4147 437 4209 secunda
464 4149 523 4221 post
543 4151 722 4210 Dominicem
742 4151 837 4227 Qtin·
914 4155 1149 4229 aSeptuagestma
1176 4157 1244 4212 olim
1272 4152 1341 4211 illud
1372 4153 1553 4225 incipiebant·

186 4247 543 4327 quagefimaeineipiebant.
555 4251 627 4306 Hine
634 4249 755 4308 Camilli
764 4249 831 4309 cta·
904 4249 944 4308 V.
958 4251 1127 4308 Martenede
1140 4253 1268 4322 Antiquia
1281 4251 1355 4309 Eccl.
1366 4253 1431 4312 Rit.
1442 4253 1479 4312 T.
1494 4257 1551 4317 lli.

151 4352 156 4362 “
187 4345 596 4410 tnmontanian.1095.Cannn
616 4346 823 4416 (CalleMnn-
901 4363 971 4420 με.
992 4362 1052 4414 ¹39·
1084 4347 1208 4404 Videtur
1233 4363 1325 4406 tamen
1349 4351 1445 4409 leculo
1463 4353 1548 4416 xtv.

188 4452 233 4511 nl.
252 4449 321 4507 edit.
338 4445 422 4504 (alet.
439 4443 484 4502 T.
496 4447 562 4506 llll.
576 4463 637 4516 pag.
648 4447 728 4512 915.)
748 4445 835 4520 Quod
910 4445 1095 4517 Reguletium
1112 4445 1168 4502 hoec
1178 4445 1343 4506 consuetudo
1352 4445 1408 4516 iarn
1417 4451 1551 4522 antiquari

187 4567 262 4607 nemo
287 4549 435 4604 Lalcoruu
454 4563 472 4600 a
491 4551 583 4610 capite
604 4549 705 4610 letania·
722 4585 730 4610 ‚
758 4563 833 4603 nem
906 4542 1038 4614 capilio,
1064 4560 1094 4602 ut
1113 4559 1149 4600 ex
1167 4543 1218 4604 bac
1236 4545 1455 4610 Humiliatotum
1482 4552 1540 4624 lege

187 4643 352 4706 clericorum
378 4661 397 4700 a
422 4639 660 4717 anquagefima
688 4643 773 4716 usque
802 4647 834 4703 ln
907 4638 1038 4700 constat.
