<?xml version="1.0" encoding="UTF-8"?>
<!DOCTYPE html PUBLIC "-//W3C//DTD XHTML 1.0 Transitional//EN"
    "http://www.w3.org/TR/xhtml1/DTD/xhtml1-transitional.dtd">
<html xmlns="http://www.w3.org/1999/xhtml" xml:lang="en" lang="en">
 <head>
  <title>
</title>
<meta http-equiv="Content-Type" content="text/html;charset=utf-8" />
  <meta name='ocr-system' content='tesseract 3.04.00' />
  <meta name='ocr-capabilities' content='ocr_page ocr_carea ocr_par ocr_line ocrx_word'/>
</head>
<body>
  <div class='ocr_page' id='page_1' title='image "./veterahumiliato00braigoog_0160.png"; bbox 0 0 4100 5500; ppageno 0'>
   <div class='ocr_carea' id='block_1_1' title="bbox 364 607 1529 710">
    <p class='ocr_par' dir='ltr' id='par_1_1' title="bbox 364 607 1529 710">
     <span class='ocr_line' id='line_1_1' title="bbox 364 607 1529 710; baseline 0.003 -27"><span class='ocrx_word' id='word_1_1' title='bbox 364 631 418 686; x_wconf 86' lang='lat' dir='ltr'>ttt</span> <span class='ocrx_word' id='word_1_2' title='bbox 452 607 855 688; x_wconf 80' lang='lat' dir='ltr'>Gnuantttnns</span> <span class='ocrx_word' id='word_1_3' title='bbox 889 609 1157 690; x_wconf 78' lang='lat' dir='ltr'>Contrua</span> <span class='ocrx_word' id='word_1_4' title='bbox 1190 635 1389 692; x_wconf 78' lang='lat' dir='ltr'>notra.</span> <span class='ocrx_word' id='word_1_5' title='bbox 1455 631 1529 710; x_wconf 79' lang='lat'>¹49</span> 
     </span>
    </p>
   </div>
   <div class='ocr_carea' id='block_1_2' title="bbox 160 808 1577 1036">
    <p class='ocr_par' dir='ltr' id='par_1_2' title="bbox 160 808 1577 1036">
     <span class='ocr_line' id='line_1_2' title="bbox 160 808 1577 912; baseline 0.004 -32"><span class='ocrx_word' id='word_1_6' title='bbox 160 809 201 882; x_wconf 85' lang='lat' dir='ltr'>Si</span> <span class='ocrx_word' id='word_1_7' title='bbox 212 808 295 906; x_wconf 82' lang='lat' dir='ltr'>qais</span> <span class='ocrx_word' id='word_1_8' title='bbox 306 817 439 888; x_wconf 82' lang='lat' dir='ltr'><em>Frater</em></span> <span class='ocrx_word' id='word_1_9' title='bbox 452 812 590 912; x_wconf 81' lang='lat' dir='ltr'>petierit</span> <span class='ocrx_word' id='word_1_10' title='bbox 603 814 784 889; x_wconf 81' lang='lat' dir='ltr'><em>Brachium</em></span> <span class='ocrx_word' id='word_1_11' title='bbox 795 814 956 891; x_wconf 69' lang='lat' dir='ltr'>satutare</span> <span class='ocrx_word' id='word_1_12' title='bbox 976 831 1090 892; x_wconf 83' lang='lat' dir='ltr'>contra</span> <span class='ocrx_word' id='word_1_13' title='bbox 1104 811 1404 900; x_wconf 61' lang='lat' dir='ltr'>conedionemfibi</span> <span class='ocrx_word' id='word_1_14' title='bbox 1413 809 1577 910; x_wconf 75' lang='lat' dir='ltr'>fatiam,</span> 
     </span>
     <span class='ocr_line' id='line_1_3' title="bbox 576 939 1182 1036; baseline 0.015 -27"><span class='ocrx_word' id='word_1_15' title='bbox 576 939 875 1020; x_wconf 82' lang='lat' dir='ltr'>excommunicatas</span> <span class='ocrx_word' id='word_1_16' title='bbox 893 940 966 1026; x_wconf 78' lang='lat' dir='ltr'>stt.</span> <span class='ocrx_word' id='word_1_17' title='bbox 991 945 1075 1036; x_wconf 86' lang='lat' dir='ltr'>Cap.</span> <span class='ocrx_word' id='word_1_18' title='bbox 1102 944 1182 1018; x_wconf 80' lang='lat' dir='ltr'><em>Vll.</em></span> 
     </span>
    </p>
   </div>
   <div class='ocr_carea' id='block_1_3' title="bbox 158 1063 1567 1282">
    <p class='ocr_par' dir='ltr' id='par_1_3' title="bbox 158 1063 1567 1282">
     <span class='ocr_line' id='line_1_4' title="bbox 158 1063 1567 1282; baseline 0 -98"><span class='ocrx_word' id='word_1_19' title='bbox 158 1104 312 1282; x_wconf 80' lang='lat' dir='ltr'>lTetn</span> <span class='ocrx_word' id='word_1_20' title='bbox 343 1063 583 1208; x_wconf 84' lang='lat' dir='ltr'>ordinamus,</span> <span class='ocrx_word' id='word_1_21' title='bbox 612 1107 825 1206; x_wconf 82' lang='lat' dir='ltr'>statuimus,</span> <span class='ocrx_word' id='word_1_22' title='bbox 851 1116 889 1192; x_wconf 80' lang='lat' dir='ltr'>dt</span> <span class='ocrx_word' id='word_1_23' title='bbox 915 1110 1139 1208; x_wconf 79' lang='lat' dir='ltr'>definimus,</span> <span class='ocrx_word' id='word_1_24' title='bbox 1164 1115 1265 1216; x_wconf 88' lang='lat' dir='ltr'>quod</span> <span class='ocrx_word' id='word_1_25' title='bbox 1292 1115 1469 1196; x_wconf 74' lang='lat' dir='ltr'>corredio</span> <span class='ocrx_word' id='word_1_26' title='bbox 1493 1111 1567 1187; x_wconf 90' lang='lat' dir='ltr'>Or-</span> 
     </span>
    </p>
   </div>
   <div class='ocr_carea' id='block_1_4' title="bbox 153 1233 1570 1594">
    <p class='ocr_par' dir='ltr' id='par_1_4' title="bbox 153 1233 1570 1594">
     <span class='ocr_line' id='line_1_5' title="bbox 230 1233 1570 1346; baseline 0.006 -36"><span class='ocrx_word' id='word_1_27' title='bbox 230 1234 338 1310; x_wconf 85' lang='lat' dir='ltr'>dinis</span> <span class='ocrx_word' id='word_1_28' title='bbox 364 1233 440 1313; x_wconf 86' lang='lat' dir='ltr'>fieri</span> <span class='ocrx_word' id='word_1_29' title='bbox 467 1239 596 1317; x_wconf 86' lang='lat' dir='ltr'>debeat</span> <span class='ocrx_word' id='word_1_30' title='bbox 624 1239 819 1326; x_wconf 88' lang='lat' dir='ltr'>secundum</span> <span class='ocrx_word' id='word_1_31' title='bbox 846 1245 1009 1346; x_wconf 79' lang='lat' dir='ltr'>quodid</span> <span class='ocrx_word' id='word_1_32' title='bbox 1035 1241 1302 1324; x_wconf 86' lang='lat' dir='ltr'>consuetudine</span> <span class='ocrx_word' id='word_1_33' title='bbox 1327 1242 1570 1322; x_wconf 82' lang='lat' dir='ltr'>continetur.</span> 
     </span>
     <span class='ocr_line' id='line_1_6' title="bbox 153 1357 1567 1470; baseline 0.002 -31"><span class='ocrx_word' id='word_1_34' title='bbox 153 1357 209 1439; x_wconf 84' lang='lat' dir='ltr'>Et</span> <span class='ocrx_word' id='word_1_35' title='bbox 239 1362 379 1464; x_wconf 84' lang='lat' dir='ltr'>aliquis</span> <span class='ocrx_word' id='word_1_36' title='bbox 404 1360 530 1440; x_wconf 80' lang='lat' dir='ltr'>Frater</span> <span class='ocrx_word' id='word_1_37' title='bbox 557 1363 670 1452; x_wconf 86' lang='lat' dir='ltr'>nostri</span> <span class='ocrx_word' id='word_1_38' title='bbox 696 1362 874 1463; x_wconf 82' lang='lat' dir='ltr'>Ordinis,</span> <span class='ocrx_word' id='word_1_39' title='bbox 902 1367 929 1446; x_wconf 85' lang='lat' dir='ltr'>st</span> <span class='ocrx_word' id='word_1_40' title='bbox 952 1389 1096 1470; x_wconf 87' lang='lat' dir='ltr'>propter</span> <span class='ocrx_word' id='word_1_41' title='bbox 1117 1370 1280 1470; x_wconf 79' lang='lat' dir='ltr'><strong>aliquam</strong></span> <span class='ocrx_word' id='word_1_42' title='bbox 1299 1371 1567 1450; x_wconf 68' lang='lat' dir='ltr'>corredionent</span> 
     </span>
     <span class='ocr_line' id='line_1_7' title="bbox 154 1489 1568 1594; baseline 0 -28"><span class='ocrx_word' id='word_1_43' title='bbox 154 1491 312 1589; x_wconf 86' lang='lat' dir='ltr'>petierit</span> <span class='ocrx_word' id='word_1_44' title='bbox 335 1491 514 1581; x_wconf 79' lang='lat' dir='ltr'>auxilium</span> <span class='ocrx_word' id='word_1_45' title='bbox 538 1489 682 1570; x_wconf 85' lang='lat' dir='ltr'>Brachii</span> <span class='ocrx_word' id='word_1_46' title='bbox 704 1493 914 1590; x_wconf 76' lang='lat' dir='ltr'>sotularis,</span> <span class='ocrx_word' id='word_1_47' title='bbox 935 1493 1012 1594; x_wconf 90' lang='lat' dir='ltr'>ipso</span> <span class='ocrx_word' id='word_1_48' title='bbox 1031 1495 1108 1587; x_wconf 78' lang='lat' dir='ltr'>jure</span> <span class='ocrx_word' id='word_1_49' title='bbox 1132 1493 1175 1573; x_wconf 82' lang='lat' dir='ltr'>fit</span> <span class='ocrx_word' id='word_1_50' title='bbox 1196 1497 1568 1588; x_wconf 83' lang='lat' dir='ltr'>excommunicatus,</span> 
     </span>
    </p>
   </div>
   <div class='ocr_carea' id='block_1_5' title="bbox 151 1613 1568 1838">
    <p class='ocr_par' dir='ltr' id='par_1_5' title="bbox 151 1613 1568 1838">
     <span class='ocr_line' id='line_1_8' title="bbox 154 1613 1568 1721; baseline 0.006 -29"><span class='ocrx_word' id='word_1_51' title='bbox 154 1621 197 1698; x_wconf 82' lang='lat' dir='ltr'>dt</span> <span class='ocrx_word' id='word_1_52' title='bbox 224 1613 271 1694; x_wconf 85' lang='lat' dir='ltr'>fit</span> <span class='ocrx_word' id='word_1_53' title='bbox 301 1617 463 1712; x_wconf 79' lang='lat' dir='ltr'>privatur</span> <span class='ocrx_word' id='word_1_54' title='bbox 489 1641 510 1693; x_wconf 88' lang='lat' dir='ltr'>a</span> <span class='ocrx_word' id='word_1_55' title='bbox 537 1615 671 1696; x_wconf 89' lang='lat' dir='ltr'>Domo</span> <span class='ocrx_word' id='word_1_56' title='bbox 697 1643 759 1716; x_wconf 86' lang='lat' dir='ltr'>per</span> <span class='ocrx_word' id='word_1_57' title='bbox 784 1638 853 1702; x_wconf 83' lang='lat' dir='ltr'>tres</span> <span class='ocrx_word' id='word_1_58' title='bbox 880 1647 1021 1718; x_wconf 81' lang='lat' dir='ltr'>annos,</span> <span class='ocrx_word' id='word_1_59' title='bbox 1053 1645 1133 1709; x_wconf 85' lang='lat' dir='ltr'>non</span> <span class='ocrx_word' id='word_1_60' title='bbox 1154 1621 1361 1704; x_wconf 77' lang='lat' dir='ltr'>reuersurus</span> <span class='ocrx_word' id='word_1_61' title='bbox 1385 1621 1429 1700; x_wconf 88' lang='lat' dir='ltr'>ad</span> <span class='ocrx_word' id='word_1_62' title='bbox 1455 1618 1568 1721; x_wconf 80' lang='lat' dir='ltr'>ipsam</span> 
     </span>
     <span class='ocr_line' id='line_1_9' title="bbox 151 1741 924 1838; baseline -0.003 -12"><span class='ocrx_word' id='word_1_63' title='bbox 151 1743 232 1826; x_wconf 78' lang='lat' dir='ltr'>nifi</span> <span class='ocrx_word' id='word_1_64' title='bbox 260 1744 313 1832; x_wconf 87' lang='lat' dir='ltr'>de</span> <span class='ocrx_word' id='word_1_65' title='bbox 340 1742 490 1824; x_wconf 82' lang='lat' dir='ltr'>lieentia</span> <span class='ocrx_word' id='word_1_66' title='bbox 514 1741 677 1838; x_wconf 77' lang='lat' dir='ltr'><strong>Capituli</strong></span> <span class='ocrx_word' id='word_1_67' title='bbox 703 1743 924 1832; x_wconf 72' lang='lat' dir='ltr'>Generalis,</span> 
     </span>
    </p>
   </div>
   <div class='ocr_carea' id='block_1_6' title="bbox 333 1941 1401 2056">
    <p class='ocr_par' dir='ltr' id='par_1_6' title="bbox 333 1941 1401 2056">
     <span class='ocr_line' id='line_1_10' title="bbox 333 1941 1401 2056; baseline 0 -32"><span class='ocrx_word' id='word_1_68' title='bbox 333 1953 386 2024; x_wconf 87' lang='lat' dir='ltr'>De</span> <span class='ocrx_word' id='word_1_69' title='bbox 411 1949 465 2024; x_wconf 78' lang='lat' dir='ltr'>bis</span> <span class='ocrx_word' id='word_1_70' title='bbox 488 1941 547 2047; x_wconf 66' lang='lat' dir='ltr'>ptri</span> <span class='ocrx_word' id='word_1_71' title='bbox 570 1949 606 2024; x_wconf 80' lang='lat' dir='ltr'>ir</span> <span class='ocrx_word' id='word_1_72' title='bbox 631 1951 795 2030; x_wconf 81' lang='lat' dir='ltr'>adulteria</span> <span class='ocrx_word' id='word_1_73' title='bbox 818 1953 1000 2056; x_wconf 80' lang='lat' dir='ltr'>deprebenst</span> <span class='ocrx_word' id='word_1_74' title='bbox 1013 1953 1171 2053; x_wconf 80' lang='lat' dir='ltr'>suerint.</span> <span class='ocrx_word' id='word_1_75' title='bbox 1198 1959 1281 2053; x_wconf 84' lang='lat' dir='ltr'>Cap.</span> <span class='ocrx_word' id='word_1_76' title='bbox 1306 1955 1401 2028; x_wconf 72' lang='grc' dir='ltr'>ΠΗ.</span> 
     </span>
    </p>
   </div>
   <div class='ocr_carea' id='block_1_7' title="bbox 150 2119 1650 2599">
    <p class='ocr_par' dir='ltr' id='par_1_7' title="bbox 150 2119 1650 2599">
     <span class='ocr_line' id='line_1_11' title="bbox 153 2119 1650 2307; baseline -0.005 -104"><span class='ocrx_word' id='word_1_77' title='bbox 153 2119 311 2307; x_wconf 82' lang='lat' dir='ltr'>lTem</span> <span class='ocrx_word' id='word_1_78' title='bbox 339 2125 581 2218; x_wconf 79' lang='lat' dir='ltr'><strong>ordinamus,</strong></span> <span class='ocrx_word' id='word_1_79' title='bbox 608 2125 822 2225; x_wconf 82' lang='lat' dir='ltr'>statuimus,</span> <span class='ocrx_word' id='word_1_80' title='bbox 850 2135 889 2210; x_wconf 81' lang='lat' dir='ltr'>dt</span> <span class='ocrx_word' id='word_1_81' title='bbox 913 2129 1138 2222; x_wconf 82' lang='lat' dir='ltr'>definimus,</span> <span class='ocrx_word' id='word_1_82' title='bbox 1165 2126 1265 2226; x_wconf 88' lang='lat' dir='ltr'>quod</span> <span class='ocrx_word' id='word_1_83' title='bbox 1293 2124 1320 2202; x_wconf 91' lang='lat' dir='ltr'>fi</span> <span class='ocrx_word' id='word_1_84' title='bbox 1349 2125 1473 2204; x_wconf 80' lang='lat' dir='ltr'>Frater</span> <span class='ocrx_word' id='word_1_85' title='bbox 1500 2119 1568 2198; x_wconf 82' lang='lat' dir='ltr'>aii·</span> <span class='ocrx_word' id='word_1_86' title='bbox 1649 2227 1650 2230; x_wconf 4' lang='lat' dir='ltr'>p</span> 
     </span>
     <span class='ocr_line' id='line_1_12' title="bbox 233 2244 1562 2347; baseline -0.002 -23"><span class='ocrx_word' id='word_1_87' title='bbox 233 2249 320 2347; x_wconf 80' lang='lat' dir='ltr'>qais</span> <span class='ocrx_word' id='word_1_88' title='bbox 347 2251 403 2326; x_wconf 86' lang='lat' dir='ltr'>rei</span> <span class='ocrx_word' id='word_1_89' title='bbox 430 2249 544 2329; x_wconf 79' lang='lat' dir='ltr'>Soror</span> <span class='ocrx_word' id='word_1_90' title='bbox 569 2244 726 2330; x_wconf 83' lang='lat' dir='ltr'>Ordinis</span> <span class='ocrx_word' id='word_1_91' title='bbox 752 2249 864 2325; x_wconf 81' lang='lat' dir='ltr'>nostri</span> <span class='ocrx_word' id='word_1_92' title='bbox 892 2248 1001 2328; x_wconf 88' lang='lat' dir='ltr'>stmttl</span> <span class='ocrx_word' id='word_1_93' title='bbox 1024 2255 1334 2346; x_wconf 77' lang='lat' dir='ltr'>adulteraverint,</span> <span class='ocrx_word' id='word_1_94' title='bbox 1359 2252 1405 2327; x_wconf 85' lang='lat' dir='ltr'>de</span> <span class='ocrx_word' id='word_1_95' title='bbox 1425 2247 1562 2326; x_wconf 88' lang='lat' dir='ltr'>Domo</span> 
     </span>
     <span class='ocr_line' id='line_1_13' title="bbox 155 2371 1565 2477; baseline 0.002 -28"><span class='ocrx_word' id='word_1_96' title='bbox 155 2375 569 2472; x_wconf 79' lang='lat' dir='ltr'>propriaernitttntur,</span> <span class='ocrx_word' id='word_1_97' title='bbox 590 2374 748 2470; x_wconf 81' lang='lat' dir='ltr'>amplius</span> <span class='ocrx_word' id='word_1_98' title='bbox 769 2371 813 2448; x_wconf 83' lang='lat' dir='ltr'>ad</span> <span class='ocrx_word' id='word_1_99' title='bbox 835 2374 948 2470; x_wconf 86' lang='lat' dir='ltr'>ipsam</span> <span class='ocrx_word' id='word_1_100' title='bbox 969 2401 1047 2453; x_wconf 91' lang='lat' dir='ltr'>nott</span> <span class='ocrx_word' id='word_1_101' title='bbox 1072 2379 1270 2462; x_wconf 82' lang='lat' dir='ltr'>reversuri.</span> <span class='ocrx_word' id='word_1_102' title='bbox 1297 2375 1345 2454; x_wconf 88' lang='lat' dir='ltr'>Et</span> <span class='ocrx_word' id='word_1_103' title='bbox 1367 2375 1471 2477; x_wconf 82' lang='lat' dir='ltr'>supet</span> <span class='ocrx_word' id='word_1_104' title='bbox 1492 2373 1565 2452; x_wconf 84' lang='lat' dir='ltr'>hoo</span> 
     </span>
     <span class='ocr_line' id='line_1_14' title="bbox 150 2493 1064 2599; baseline 0.001 -21"><span class='ocrx_word' id='word_1_105' title='bbox 150 2493 358 2588; x_wconf 78' lang='lat' dir='ltr'>Dominus</span> <span class='ocrx_word' id='word_1_106' title='bbox 382 2495 559 2599; x_wconf 80' lang='lat' dir='ltr'>Magister</span> <span class='ocrx_word' id='word_1_107' title='bbox 586 2519 665 2574; x_wconf 87' lang='lat' dir='ltr'>oon</span> <span class='ocrx_word' id='word_1_108' title='bbox 693 2497 810 2574; x_wconf 85' lang='lat' dir='ltr'>valeat</span> <span class='ocrx_word' id='word_1_109' title='bbox 837 2494 1064 2594; x_wconf 84' lang='lat' dir='ltr'>dispensare.</span> 
     </span>
    </p>
   </div>
   <div class='ocr_carea' id='block_1_8' title="bbox 203 2700 1425 2930">
    <p class='ocr_par' dir='ltr' id='par_1_8' title="bbox 203 2665 1425 2930">
     <span class='ocr_line' id='line_1_15' title="bbox 203 2700 1425 2804; baseline 0.002 -26"><span class='ocrx_word' id='word_1_110' title='bbox 203 2783 208 2790; x_wconf 68' lang='grc'><strong>,</strong></span> <span class='ocrx_word' id='word_1_111' title='bbox 255 2776 264 2791; x_wconf 73' lang='grc'><strong>,</strong></span> <span class='ocrx_word' id='word_1_112' title='bbox 303 2710 359 2779; x_wconf 83' lang='lat' dir='ltr'>De</span> <span class='ocrx_word' id='word_1_113' title='bbox 381 2725 443 2790; x_wconf 74' lang='lat' dir='ltr'>nate</span> <span class='ocrx_word' id='word_1_114' title='bbox 468 2705 646 2804; x_wconf 85' lang='lat' dir='ltr'>recipienda</span> <span class='ocrx_word' id='word_1_115' title='bbox 665 2700 839 2803; x_wconf 72' lang='lat' dir='ltr'>purnium</span> <span class='ocrx_word' id='word_1_116' title='bbox 864 2717 978 2780; x_wconf 80' lang='lat' dir='ltr'>mutat</span> <span class='ocrx_word' id='word_1_117' title='bbox 1002 2702 1046 2780; x_wconf 76' lang='lat' dir='ltr'>ab</span> <span class='ocrx_word' id='word_1_118' title='bbox 1064 2707 1181 2783; x_wconf 75' lang='lat' dir='ltr'>Amico</span> <span class='ocrx_word' id='word_1_119' title='bbox 1204 2709 1267 2784; x_wconf 82' lang='lat' dir='ltr'>vet</span> <span class='ocrx_word' id='word_1_120' title='bbox 1293 2705 1425 2798; x_wconf 67' lang='lat' dir='ltr'>affine,</span> 
     </span>
     <span class='ocr_line' id='line_1_16' title="bbox 496 2825 1220 2930; baseline 0.003 -26"><span class='ocrx_word' id='word_1_121' title='bbox 496 2826 595 2924; x_wconf 84' lang='lat' dir='ltr'>eausa</span> <span class='ocrx_word' id='word_1_122' title='bbox 613 2825 762 2924; x_wconf 81' lang='lat' dir='ltr'>satiandi</span> <span class='ocrx_word' id='word_1_123' title='bbox 785 2827 1029 2904; x_wconf 76' lang='lat' dir='ltr'>mercantiam.</span> <span class='ocrx_word' id='word_1_124' title='bbox 1054 2835 1134 2930; x_wconf 85' lang='lat' dir='ltr'>Cap.</span> <span class='ocrx_word' id='word_1_125' title='bbox 1159 2833 1220 2906; x_wconf 85' lang='lat' dir='ltr'>IX.</span> 
     </span>
    </p>
   </div>
   <div class='ocr_carea' id='block_1_9' title="bbox 146 3001 1559 3611">
    <p class='ocr_par' dir='ltr' id='par_1_9' title="bbox 146 3001 1559 3611">
     <span class='ocr_line' id='line_1_17' title="bbox 199 3001 1556 3105; baseline 0 -25"><span class='ocrx_word' id='word_1_126' title='bbox 199 3001 301 3080; x_wconf 81' lang='lat' dir='ltr'>Tem</span> <span class='ocrx_word' id='word_1_127' title='bbox 329 3003 573 3096; x_wconf 82' lang='lat' dir='ltr'>ordinamus,</span> <span class='ocrx_word' id='word_1_128' title='bbox 598 3003 813 3097; x_wconf 84' lang='lat' dir='ltr'>statuimus,</span> <span class='ocrx_word' id='word_1_129' title='bbox 839 3001 1126 3098; x_wconf 70' lang='lat' dir='ltr'>narduinus,</span> <span class='ocrx_word' id='word_1_130' title='bbox 1154 3003 1253 3105; x_wconf 85' lang='lat' dir='ltr'>q&#39;uod</span> <span class='ocrx_word' id='word_1_131' title='bbox 1277 3005 1403 3082; x_wconf 86' lang='lat' dir='ltr'>nulius</span> <span class='ocrx_word' id='word_1_132' title='bbox 1422 3002 1556 3082; x_wconf 83' lang='lat' dir='ltr'>Frater</span> 
     </span>
     <span class='ocr_line' id='line_1_18' title="bbox 226 3129 1559 3234; baseline -0.002 -26"><span class='ocrx_word' id='word_1_133' title='bbox 226 3129 382 3210; x_wconf 84' lang='lat' dir='ltr'>Ordinis</span> <span class='ocrx_word' id='word_1_134' title='bbox 410 3132 523 3210; x_wconf 83' lang='lat' dir='ltr'>nostri</span> <span class='ocrx_word' id='word_1_135' title='bbox 548 3134 679 3210; x_wconf 83' lang='lat' dir='ltr'>debeat</span> <span class='ocrx_word' id='word_1_136' title='bbox 705 3135 864 3233; x_wconf 88' lang='lat' dir='ltr'>recipere</span> <span class='ocrx_word' id='word_1_137' title='bbox 899 3131 1093 3231; x_wconf 87' lang='lat' dir='ltr'>pecuniam</span> <span class='ocrx_word' id='word_1_138' title='bbox 1129 3130 1172 3206; x_wconf 88' lang='lat' dir='ltr'>ab</span> <span class='ocrx_word' id='word_1_139' title='bbox 1210 3133 1337 3234; x_wconf 85' lang='lat' dir='ltr'>aliquo</span> <span class='ocrx_word' id='word_1_140' title='bbox 1373 3132 1438 3210; x_wconf 90' lang='lat' dir='ltr'>suo</span> <span class='ocrx_word' id='word_1_141' title='bbox 1466 3133 1559 3210; x_wconf 85' lang='lat' dir='ltr'>Pro·</span> 
     </span>
     <span class='ocr_line' id='line_1_19' title="bbox 149 3255 1557 3360; baseline 0.001 -28"><span class='ocrx_word' id='word_1_142' title='bbox 149 3257 297 3358; x_wconf 74' lang='lat' dir='ltr'>pinque</span> <span class='ocrx_word' id='word_1_143' title='bbox 323 3261 381 3334; x_wconf 85' lang='lat' dir='ltr'>vei</span> <span class='ocrx_word' id='word_1_144' title='bbox 404 3255 555 3354; x_wconf 81' lang='lat' dir='ltr'>Affine,</span> <span class='ocrx_word' id='word_1_145' title='bbox 580 3260 637 3336; x_wconf 83' lang='lat' dir='ltr'>vei</span> <span class='ocrx_word' id='word_1_146' title='bbox 662 3283 681 3336; x_wconf 85' lang='lat' dir='ltr'>a</span> <span class='ocrx_word' id='word_1_147' title='bbox 704 3283 940 3360; x_wconf 87' lang='lat' dir='ltr'>quocumque</span> <span class='ocrx_word' id='word_1_148' title='bbox 961 3259 1060 3353; x_wconf 82' lang='lat' dir='ltr'>aiio,</span> <span class='ocrx_word' id='word_1_149' title='bbox 1088 3257 1191 3336; x_wconf 84' lang='lat' dir='ltr'>causa</span> <span class='ocrx_word' id='word_1_150' title='bbox 1215 3255 1371 3336; x_wconf 84' lang='lat' dir='ltr'>faciendi</span> <span class='ocrx_word' id='word_1_151' title='bbox 1392 3261 1557 3358; x_wconf 87' lang='lat' dir='ltr'>aliquam</span> 
     </span>
     <span class='ocr_line' id='line_1_20' title="bbox 148 3381 1552 3482; baseline -0.002 -15"><span class='ocrx_word' id='word_1_152' title='bbox 148 3385 395 3467; x_wconf 75' lang='lat' dir='ltr'>mercantiam</span> <span class='ocrx_word' id='word_1_153' title='bbox 418 3383 491 3462; x_wconf 83' lang='lat' dir='ltr'>fite</span> <span class='ocrx_word' id='word_1_154' title='bbox 513 3403 739 3461; x_wconf 85' lang='lat' dir='ltr'>mercatum.</span> <span class='ocrx_word' id='word_1_155' title='bbox 763 3383 813 3462; x_wconf 87' lang='lat' dir='ltr'>Et</span> <span class='ocrx_word' id='word_1_156' title='bbox 836 3386 864 3463; x_wconf 82' lang='lat' dir='ltr'>st</span> <span class='ocrx_word' id='word_1_157' title='bbox 887 3386 1169 3479; x_wconf 86' lang='lat' dir='ltr'>contrafecerit,</span> <span class='ocrx_word' id='word_1_158' title='bbox 1194 3384 1239 3462; x_wconf 89' lang='lat' dir='ltr'>de</span> <span class='ocrx_word' id='word_1_159' title='bbox 1254 3381 1389 3462; x_wconf 89' lang='lat' dir='ltr'>Domo</span> <span class='ocrx_word' id='word_1_160' title='bbox 1403 3388 1552 3482; x_wconf 86' lang='lat' dir='ltr'>propria</span> 
     </span>
     <span class='ocr_line' id='line_1_21' title="bbox 146 3506 1556 3611; baseline -0.004 -15"><span class='ocrx_word' id='word_1_161' title='bbox 146 3506 385 3611; x_wconf 73' lang='lat' dir='ltr'>expetatur,</span> <span class='ocrx_word' id='word_1_162' title='bbox 409 3511 626 3588; x_wconf 82' lang='lat' dir='ltr'>eliminetur</span> <span class='ocrx_word' id='word_1_163' title='bbox 648 3561 662 3602; x_wconf 93' lang='lat'>,</span> <span class='ocrx_word' id='word_1_164' title='bbox 686 3533 750 3606; x_wconf 86' lang='lat' dir='ltr'>pet</span> <span class='ocrx_word' id='word_1_165' title='bbox 774 3508 972 3590; x_wconf 82' lang='lat' dir='ltr'>biennium</span> <span class='ocrx_word' id='word_1_166' title='bbox 1001 3537 1080 3588; x_wconf 90' lang='lat' dir='ltr'>non</span> <span class='ocrx_word' id='word_1_167' title='bbox 1106 3507 1314 3588; x_wconf 81' lang='lat' dir='ltr'>reversurus</span> <span class='ocrx_word' id='word_1_168' title='bbox 1337 3507 1383 3583; x_wconf 88' lang='lat' dir='ltr'>ad</span> <span class='ocrx_word' id='word_1_169' title='bbox 1410 3509 1556 3606; x_wconf 83' lang='lat' dir='ltr'>ipsam.</span> 
     </span>
    </p>
   </div>
   <div class='ocr_carea' id='block_1_10' title="bbox 366 3705 1335 3810">
    <p class='ocr_par' dir='ltr' id='par_1_10' title="bbox 366 3705 1335 3810">
     <span class='ocr_line' id='line_1_22' title="bbox 366 3705 1335 3810; baseline -0.008 -17"><span class='ocrx_word' id='word_1_170' title='bbox 366 3705 702 3810; x_wconf 72' lang='lat' dir='ltr'>&lt;tutata</span> <span class='ocrx_word' id='word_1_171' title='bbox 767 3706 1335 3790; x_wconf 80' lang='lat' dir='ltr'>ntsttucnto.</span> 
     </span>
    </p>
   </div>
   <div class='ocr_carea' id='block_1_11' title="bbox 153 3884 1550 4229">
    <p class='ocr_par' dir='ltr' id='par_1_11' title="bbox 153 3884 1550 4229">
     <span class='ocr_line' id='line_1_23' title="bbox 153 3884 1550 3989; baseline 0.004 -23"><span class='ocrx_word' id='word_1_172' title='bbox 153 3957 156 3966; x_wconf 85' lang='lat'>.</span> <span class='ocrx_word' id='word_1_173' title='bbox 229 3887 460 3986; x_wconf 73' lang='lat' dir='ltr'>Ntratcrtpae</span> <span class='ocrx_word' id='word_1_174' title='bbox 473 3884 773 3968; x_wconf 81' lang='lat' dir='ltr'>Constitutionet</span> <span class='ocrx_word' id='word_1_175' title='bbox 792 3885 879 3966; x_wconf 83' lang='lat' dir='ltr'>suat</span> <span class='ocrx_word' id='word_1_176' title='bbox 899 3888 1065 3989; x_wconf 77' lang='lat' dir='ltr'>quandam</span> <span class='ocrx_word' id='word_1_177' title='bbox 1079 3885 1348 3980; x_wconf 79' lang='lat' dir='ltr'>Ordinationes</span> <span class='ocrx_word' id='word_1_178' title='bbox 1369 3889 1550 3972; x_wconf 76' lang='lat' dir='ltr'>ordinatae</span> 
     </span>
     <span class='ocr_line' id='line_1_24' title="bbox 153 3896 1550 4216; baseline -0.004 -114"><span class='ocrx_word' id='word_1_179' title='bbox 153 3896 225 4216; x_wconf 86' lang='grc' dir='ltr'>Ι</span> <span class='ocrx_word' id='word_1_180' title='bbox 255 4023 297 4102; x_wconf 86' lang='lat' dir='ltr'>in</span> <span class='ocrx_word' id='word_1_181' title='bbox 322 4019 456 4096; x_wconf 88' lang='lat' dir='ltr'>Domo</span> <span class='ocrx_word' id='word_1_182' title='bbox 480 4017 526 4094; x_wconf 90' lang='lat' dir='ltr'>de</span> <span class='ocrx_word' id='word_1_183' title='bbox 553 4017 706 4118; x_wconf 82' lang='lat' dir='ltr'>Ripalta</span> <span class='ocrx_word' id='word_1_184' title='bbox 731 4041 838 4096; x_wconf 81' lang='lat' dir='ltr'>tuno</span> <span class='ocrx_word' id='word_1_185' title='bbox 863 4015 1028 4098; x_wconf 88' lang='lat' dir='ltr'>Domini</span> <span class='ocrx_word' id='word_1_186' title='bbox 1057 4014 1260 4122; x_wconf 81' lang='lat' dir='ltr'>miltefirno</span> <span class='ocrx_word' id='word_1_187' title='bbox 1288 4015 1550 4106; x_wconf 80' lang='lat' dir='ltr'>trecentefimo</span> 
     </span>
     <span class='ocr_line' id='line_1_25' title="bbox 252 4151 557 4229; baseline -0.01 -2"><span class='ocrx_word' id='word_1_188' title='bbox 252 4151 401 4229; x_wconf 84' lang='lat' dir='ltr'>decimo</span> <span class='ocrx_word' id='word_1_189' title='bbox 419 4167 557 4224; x_wconf 84' lang='lat' dir='ltr'>nono.</span> 
     </span>
    </p>
   </div>
   <div class='ocr_carea' id='block_1_12' title="bbox 155 4314 1309 4468">
    <p class='ocr_par' dir='ltr' id='par_1_12' title="bbox 155 4314 1309 4468">
     <span class='ocr_line' id='line_1_26' title="bbox 155 4314 1309 4468; baseline -0.023 -19"><span class='ocrx_word' id='word_1_190' title='bbox 155 4314 161 4328; x_wconf 31' lang='grc' dir='ltr'><strong><em>ι</em></strong></span> <span class='ocrx_word' id='word_1_191' title='bbox 256 4456 267 4468; x_wconf 23' lang='grc' dir='ltr'>Ι,</span> <span class='ocrx_word' id='word_1_192' title='bbox 296 4351 301 4378; x_wconf 61' lang='lat'>¹</span> <span class='ocrx_word' id='word_1_193' title='bbox 384 4353 510 4428; x_wconf 74' lang='lat' dir='ltr'>Contra</span> <span class='ocrx_word' id='word_1_194' title='bbox 535 4365 739 4452; x_wconf 77' lang='lat' dir='ltr'>acceptantes</span> <span class='ocrx_word' id='word_1_195' title='bbox 762 4351 921 4440; x_wconf 69' lang='lat' dir='ltr'>Ecetadas</span> <span class='ocrx_word' id='word_1_196' title='bbox 946 4351 1144 4425; x_wconf 68' lang='lat' dir='ltr'>Secutum.</span> <span class='ocrx_word' id='word_1_197' title='bbox 1168 4353 1251 4446; x_wconf 82' lang='lat' dir='ltr'>Cap.</span> <span class='ocrx_word' id='word_1_198' title='bbox 1276 4347 1309 4422; x_wconf 88' lang='lat' dir='ltr'>t.</span> 
     </span>
    </p>
   </div>
   <div class='ocr_carea' id='block_1_13' title="bbox 152 4497 1649 4890">
    <p class='ocr_par' dir='ltr' id='par_1_13' title="bbox 152 4497 1649 4890">
     <span class='ocr_line' id='line_1_27' title="bbox 152 4497 1600 4704; baseline -0.008 -95"><span class='ocrx_word' id='word_1_199' title='bbox 152 4529 232 4704; x_wconf 68' lang='lat' dir='ltr'>IN</span> <span class='ocrx_word' id='word_1_200' title='bbox 256 4525 384 4634; x_wconf 81' lang='lat' dir='ltr'>primia</span> <span class='ocrx_word' id='word_1_201' title='bbox 406 4497 623 4610; x_wconf 77' lang='lat' dir='ltr'>ordinamus</span> <span class='ocrx_word' id='word_1_202' title='bbox 635 4578 647 4620; x_wconf 92' lang='lat'>,</span> <span class='ocrx_word' id='word_1_203' title='bbox 668 4525 885 4621; x_wconf 82' lang='lat' dir='ltr'>statuimus,</span> <span class='ocrx_word' id='word_1_204' title='bbox 900 4529 941 4606; x_wconf 82' lang='lat' dir='ltr'>dt</span> <span class='ocrx_word' id='word_1_205' title='bbox 958 4521 1181 4616; x_wconf 82' lang='lat' dir='ltr'>definimus,</span> <span class='ocrx_word' id='word_1_206' title='bbox 1199 4519 1299 4622; x_wconf 85' lang='lat' dir='ltr'>quod</span> <span class='ocrx_word' id='word_1_207' title='bbox 1319 4517 1547 4602; x_wconf 82' lang='lat' dir='ltr'>nuiiutFra·</span> <span class='ocrx_word' id='word_1_208' title='bbox 1597 4528 1600 4540; x_wconf 85' lang='lat'>&#39;</span> 
     </span>
     <span class='ocr_line' id='line_1_28' title="bbox 221 4645 1546 4748; baseline -0.002 -20"><span class='ocrx_word' id='word_1_209' title='bbox 221 4675 274 4730; x_wconf 86' lang='lat' dir='ltr'>tet·</span> <span class='ocrx_word' id='word_1_210' title='bbox 290 4647 400 4726; x_wconf 82' lang='lat' dir='ltr'>nossri</span> <span class='ocrx_word' id='word_1_211' title='bbox 417 4645 595 4740; x_wconf 86' lang='lat' dir='ltr'>Ordinis,</span> <span class='ocrx_word' id='word_1_212' title='bbox 615 4649 677 4748; x_wconf 83' lang='lat' dir='ltr'>qui</span> <span class='ocrx_word' id='word_1_213' title='bbox 700 4649 869 4746; x_wconf 80' lang='lat' dir='ltr'>deinceps</span> <span class='ocrx_word' id='word_1_214' title='bbox 891 4647 1070 4734; x_wconf 77' lang='lat' dir='ltr'>tranfierir</span> <span class='ocrx_word' id='word_1_215' title='bbox 1093 4651 1136 4724; x_wconf 85' lang='lat' dir='ltr'>ad</span> <span class='ocrx_word' id='word_1_216' title='bbox 1159 4653 1318 4748; x_wconf 86' lang='lat' dir='ltr'>aliquam</span> <span class='ocrx_word' id='word_1_217' title='bbox 1340 4645 1546 4726; x_wconf 80' lang='lat' dir='ltr'>Etelefitnt</span> 
     </span>
     <span class='ocr_line' id='line_1_29' title="bbox 155 4769 1649 4890; baseline -0.001 -38"><span class='ocrx_word' id='word_1_218' title='bbox 155 4774 396 4890; x_wconf 72' lang='lat' dir='ltr'>annotarem,</span> <span class='ocrx_word' id='word_1_219' title='bbox 415 4774 620 4852; x_wconf 82' lang='lat' dir='ltr'>ulteriustn</span> <span class='ocrx_word' id='word_1_220' title='bbox 634 4769 821 4853; x_wconf 86' lang='lat' dir='ltr'>Ordinem</span> <span class='ocrx_word' id='word_1_221' title='bbox 833 4773 943 4873; x_wconf 80' lang='lat' dir='ltr'>recipi</span> <span class='ocrx_word' id='word_1_222' title='bbox 956 4773 1086 4850; x_wconf 86' lang='lat' dir='ltr'>debeat</span> <span class='ocrx_word' id='word_1_223' title='bbox 1100 4773 1223 4872; x_wconf 84' lang='lat' dir='ltr'>aliqua</span> <span class='ocrx_word' id='word_1_224' title='bbox 1235 4771 1404 4851; x_wconf 81' lang='lat' dir='ltr'>tatione·</span> <span class='ocrx_word' id='word_1_225' title='bbox 1544 4861 1552 4868; x_wconf 52' lang='grc'><strong><em>,</em></strong></span> <span class='ocrx_word' id='word_1_226' title='bbox 1646 4873 1649 4880; x_wconf 20' lang='lat'><strong>⁴</strong></span> 
     </span>
    </p>
   </div>
   <div class='ocr_carea' id='block_1_14' title="bbox 0 0 2081 5500">
    <p class='ocr_par' dir='ltr' id='par_1_14' title="bbox 0 0 2081 5500">
     <span class='ocr_line' id='line_1_30' title="bbox 0 0 2081 5500; baseline 0 0"><span class='ocrx_word' id='word_1_227' title='bbox 0 0 2081 5500; x_wconf 95' lang='lat' dir='ltr'> </span> 
     </span>
    </p>
   </div>
  </div>
 </body>
</html>
