4076 5496
549 578 596 696 38
728 589 1222 673 nennium-u
1265 597 1622 684 Monunanaa

500 703 566 782 fiee
594 713 630 788 dt
657 716 792 792 excelse
818 720 1087 798 dominationi·
1108 726 1221 802 ueslre
1247 724 1480 822 notificatur,
1512 753 1578 825 per
1604 727 1749 802 felicem
1781 745 1906 801 recor·

499 837 692 914 dationem
728 841 824 919 bone
860 855 1040 926 memorie
1075 852 1263 950 magnifici
1298 859 1334 931 bt
1369 852 1590 930 excelsissimi
1623 853 1806 952 genitoris·
1842 848 1904 926 v'e·

500 965 561 1039 siri
588 969 642 1062 (4)
668 970 830 1046 concessa
855 971 929 1050 suit
956 981 1071 1071 gratia
1099 977 1260 1076 specialis
1294 982 1416 1058 ordini
1454 983 1741 1060 humiliatonem
1770 981 1816 1056 ad
1844 981 1904 1056 in·

500 1089 672 1167 stantiam
701 1097 737 1171 bt
765 1098 983 1192 petitionem
1010 1102 1230 1180 devotissimi
1258 1103 1378 1182 fratris
1404 1107 1552 1183 thiberii
1579 1109 1674 1183 olim
1692 1107 1777 1182 diui
1805 1103 1903 1180 ordi·

343 1219 348 1228 “
501 1219 566 1290 nis
591 1222 773 1315 generalis
796 1223 988 1322 magistri,
1015 1225 1278 1326 supplicatione
1305 1234 1465 1327 porreiia
1487 1227 1533 1318 in
1560 1233 1776 1314 talirsorma
1801 1208 1913 1305 vide-⁵

501 1339 608 1421 licet:
649 1345 798 1424 Excelse
823 1350 1076 1427 dominationi
1107 1355 1218 1430 vellre
1246 1356 1437 1434 humiliter
1463 1350 1682 1456 supplicatur
1709 1380 1775 1454 pro
1802 1375 1904 1450 parte

501 1477 720 1556 devntffimi
749 1464 1006 1560 veliti—fratris
1040 1484 1187 1562 thiberii
1222 1489 1362 1563 ordinis
1396 1487 1683 1564 laurniliatorurn
1719 1487 1904 1584 generalis

448 1622 452 1634 ’
503 1605 695 1702 magistri,
721 1627 902 1706 quatenus
938 1611 1084 1706 eidem,
1121 1631 1187 1687 trec
1222 1639 1302 1688 uon
1337 1614 1450 1688 etiam
1483 1613 1658 1688 omnibus
1693 1609 1905 1711 prepositis,

504 1733 679 1828 prelatis,
703 1728 900 1826 fratribus,
925 1740 964 1814 bt
989 1737 1235 1812 conventibus
1260 1739 1404 1814 ordinis
1431 1738 1600 1814 antediiii
1627 1739 1828 1813 concedere
1853 1739 1916 1813 di·

503 1860 704 1954 gnemini,
730 1859 830 1960 quod
857 1862 897 1937 in
925 1860 1212 1962 quibuscumque
1232 1863 1375 1958 causis,
1403 1863 1547 1957 litibus,
1574 1867 1612 1942 dt
1637 1862 1910 1960 questionibus.

418 2067 420 2074 ,
503 2009 591 2086 quas
618 1980 784 2080 habent,
810 1989 868 2064 vel
895 1991 1023 2065 eos'in
1052 1988 1236 2086 posserurn
1272 1987 1406 2065 habere
1442 1987 1707 2086 contigentia
1734 1983 1819 2062 soro
1845 1988 1901 2064 se·

505 2107 650 2186 aboleri
677 2129 753 2186 tem
789 2109 964 2208 agendo,
996 2133 1108 2212 quant
1142 2109 1399 2207 defendendo,
1418 2113 1490 2188 -uti
1528 2109 1845 2216 valeant'siatotis
1869 2112 1914 2206 &k

490 2235 776 2311 ordinamenn's
813 2233 917 2314 veliti
941 2239 1159 2314 eommunis
1199 2235 1443 2333 Mediolani,
1475 2239 1724 2336 omniumque
1756 2238 1914 2314 aliarum

390 2455 394 2460 ¹
503 2367 697 2442 civitatum
723 2367 760 2444 δι
786 2384 964 2448 terrarum
998 2363 1238 2458 iurisdidioni
1275 2367 1388 2444 vestre
1423 2363 1718 2466 suppositarum,
1752 2368 1911 2444 &ilem

508 2490 612 2591 quod
638 2490 703 2588 ipsa
729 2512 807 2568 noo
834 2487 1102 2586 molestentur,
1136 2515 1204 2568 nee
1229 2509 1447 2591 agraventur
1482 2494 1644 2591 aliquam
1663 2489 1825 2588 prestare
1852 2475 1904 2564 sa'·

508 2616 747 2696 tisdationern
774 2621 855 2716 plus
884 2639 952 2692 nec
979 2616 1216 2714 ultraquam
1244 2629 1442 2692 teneantur
1467 2618 1530 2692 alii
1556 2617 1637 2692 laici
1663 2611 1777 2690 vesire
1801 2609 1909 2704 iuris.

501 2747 657 2820 didioni
687 2737 886 2839 suppositi,
913 2763 954 2816 ut
980 2741 1159 2838 equalitas
1185 2737 1345 2816 servetur
1372 2743 1410 2816 in
1427 2737 1611 2834 iudiciis,
1645 2745 1685 2818 bt
1717 2757 1761 2816 ut
1786 2759 1909 2838 paret·

505 2881 565 2942 tur
598 2868 824 2966 sumptibus,
851 2864 1064 2956 laboribus,
1090 2869 1127 2942 bt
1153 2865 1342 2963 expenfis,
1376 2871 1437 2968 qui
1465 2871 1502 2944 bt
1527 2892 1616 2966 quas
1643 2865 1716 2965 ipsa
1743 2869 1912 2946 otsaxio·
2006 2913 2007 2934 ³

507 3021 555 3072 ne
589 2995 673 3073 disti
710 2995 948 3093 supplicantes
983 2991 1160 3070 sustinent
1195 2993 1233 3068 in
1270 2991 1542 3070 instrumentis.
1585 2990 1793 3089 Responsio
1825 2991 1911 3070 diui
2005 3031 2006 3051 r

506 3115 697 3220 magnifici
725 3123 761 3198 bt
788 3117 917 3195 excelsi
945 3123 1127 3217 genitoris
1153 3117 1257 3194 veliti
1289 3126 1395 3216 r363.
1420 3143 1548 3212 anno,
1573 3121 1633 3196 die
1656 3119 1805 3194 decimo
1838 3117 1911 3218 sep.

513 3251 612 3322 timo
639 3243 738 3323 Nov.
764 3241 1016 3319 Concedimus
1039 3241 1199 3318 domino
1226 3243 1386 3338 predibio
1415 3243 1585 3341 magistro
1604 3243 1821 3344 supplicanti
1842 3271 1907 3344 pro

503 3371 619 3462 (dees
637 3371 731 3466 faite
758 3365 819 3456 se)
845 3372 881 3445 ut
908 3369 1095 3464 predidiis,
1121 3392 1188 3464 pro
1221 3366 1352 3466 quibus
1389 3367 1584 3465 supplicat,
1623 3371 1722 3468 quod
1754 3371 1797 3445 in
1834 3367 1910 3470 qui.
2001 3379 2002 3447 l

508 3473 732 3598 buseumque
759 3489 896 3584 causis,
922 3493 1070 3584 litibus,
1096 3497 1133 3567 bt
1160 3489 1431 3590 questionibus,
1450 3513 1539 3588 quas
1566 3489 1729 3587 habent,
1754 3497 1814 3570 vel
1836 3517 1897 3570 eos
1999 3495 2001 3576 l

508 3624 644 3703 habere
679 3620 877 3717 eontigerit
914 3620 953 3692 in
988 3611 1153 3692 futurum
1191 3619 1229 3690 in
1263 3608 1348 3690 soro
1390 3611 1567 3690 sechulari
1607 3621 1683 3692 tarn
1722 3619 1901 3714 agendo,

507 3775 621 3854 quam
647 3745 907 3838 defendendo,
933 3747 988 3824 uti
1016 3739 1152 3841 possint
1178 3738 1319 3815 sinutis
1346 3739 1458 3814 nostri
1483 3743 1698 3817 communis
1725 3740 1905 3822 Mediola·

509 3877 576 3970 ni,
601 3879 639 3954 bt
663 3873 839 3953 omnium
868 3871 1024 3944 aliarum
1052 3871 1231 3941 terrarum
1262 3861 1387 3938 noslro
1418 3863 1580 3938 domino
1615 3861 1906 3964 suppositarum
1996 3917 1997 3941 r

509 3995 799 4083 &econverso
825 3993 1059 4071 volumus&
1085 3985 1307 4082 definimus,
1334 3991 1434 4088 quod
1458 3991 1561 4066 distis
1590 3989 1727 4068 statutis
1753 3997 1789 4074 'dt
1813 3999 1907 4082 ordi.
1995 4011 1996 4041 ¹

512 4131 703 4206 trementis
727 4127 780 4202 uti
807 4121 940 4199 vasten
976 4137 1228 4210 contra-eos,
1265 4117 1353 4193 sieut
1379 4121 1416 4196 bt
1441 4117 1760 4216 quemadmodum
1785 4117 1907 4200 secbu·

505 4259 604 4332 'lares
628 4250 845 4331 existerent,
884 4243 1021 4344 Scripta
1049 4245 1092 4320 bt·
1109 4241 1266 4318 extrasia
1296 4267 1315 4316 a
1342 4237 1492 4339 regislro
1528 4241 1734 4319 litterarum
1762 4245 1902 4346 predisli

510 4384 696 4490 magnifici
729 4381 878 4462 domini
912 4377 1094 4478 genitoris
1128 4399 1191 4475 per
1230 4371 1381 4447 tadeum
1406 4369 1455 4447 de
1481 4371 1611 4448 calmis
1644 4377 1835 4453 notarium
1865 4375 1904 4454 ad

862 4541 867 4546 ·
1747 4571 1758 4591 ,
1777 4527 1862 4578 ean·

508 4691 553 4767 (a)
568 4687 714 4750 Gelenius
730 4683 868 4746 indicatur
884 4679 1003 4753 Joaonia
1021 4677 1146 4750 Galearil
1165 4693 1262 4751 pater,
1280 4695 1355 4737 anno
1372 4667 1668 4737 neccaxxvrtt.
1685 4657 1887 4735 rita'suudttt.
