4100 5500
516 617 589 695 t5o
671 593 1122 676 chttrarottust
1160 593 1673 676 Cossrtrnrtotras-

870 807 924 878 Do
947 785 1129 882 carceribus
1148 805 1293 897 fiendis.
1318 807 1399 900 Cap.
1421 805 1471 878 II.

515 979 612 1060 Tem
641 981 889 1074 ordinamus,
915 979 1138 1074 statuimus,
1164 983 1202 1059 ὅ(
1226 975 1460 1072 definimus,
1486 976 1587 1076 quod
1613 997 1771 1073 carceres
1796 965 1873 1047 Or·

541 1106 639 1182 dinis
666 1103 777 1184 nostri
808 1103 899 1182 fiant
926 1107 970 1190 ad
995 1128 1217 1183 communes
1251 1104 1427 1202 expensas
1461 1105 1615 1183 Ordinis
1651 1107 1692 1182 in
1719 1099 1875 1189 Laude,

473 1236 519 1342 iu¹
537 1233 697 1329 Parma,
719 1237 757 1310 in
776 1233 909 1335 quibus
923 1233 1160 1311 includantur
1172 1287 1185 1328 ,
1197 1235 1235 1311 ὅ(
1248 1232 1520 1310 incarceremur
1538 1231 1682 1312 Fratres
1700 1227 1883 1326 Ordinis,

470 1361 513 1434 ad
543 1357 637 1458 ipsos
662 1363 834 1436 mittendi
862 1357 1063 1438 secundum
1089 1356 1242 1436 Ordinis
1266 1357 1454 1436 instituta.
1483 1355 1562 1456 Qui
1583 1383 1675 1436 vero
1698 1353 1882 1456 apuiiata·

470 1487 589 1581 verit,
615 1491 652 1565 dt
680 1509 741 1584 per
768 1489 890 1584 piures
915 1509 1035 1562 annos
1061 1486 1101 1564 iu
1129 1483 1373 1583 apostatando
1397 1483 1634 1586 permanserit
1656 1537 1672 1578 ,
1698 1481 1726 1559 st
1756 1482 1880 1561 redire

471 1616 516 1691 ad
541 1611 727 1690 Ordinem
755 1616 951 1708 coluerit,
985 1637 1062 1691 non
1089 1611 1282 1710 recipiatur
1317 1611 1386 1690 nisi
1420 1615 1468 1691 ad
1493 1637 1690 1708 carceres,
1728 1609 1799 1686 suis
1825 1603 1881 1683 rel

474 1740 677 1818 Parentum
707 1736 857 1815 suorum
885 1739 1087 1840 sumptibus
1113 1744 1151 1820 dt
1176 1737 1376 1839 expensis,
1406 1745 1444 1819 dt
1470 1759 1578 1818 tauto
1602 1757 1773 1838 tempore
1800 1755 1884 1836 per·

477 1885 655 1946 maneant
681 1863 894 1964 degradati,
922 1883 1063 1962 quanto
1087 1865 1130 1941 iu
1159 1859 1349 1964 apostant
1372 1859 1552 1942 fuerunt.

754 2069 808 2143 De
835 2063 957 2164 rasura
974 2062 1158 2163 faciendo,
1182 2059 1224 2148 u
1249 2067 1397 2166 quondo.
1423 2068 1506 2168 Cap.
1526 2067 1601 2144 111.

517 2241 618 2324 Tem
642 2242 886 2340 ordinemus,
912 2242 1130 2338 statuimus,
1155 2245 1194 2322 'dt
1218 2239 1444 2337 definimus,
1470 2237 1719 2343 quot-rasura
1746 2239 1880 2320 debeat

547 2371 624 2450 fieri
653 2397 672 2448 a
699 2367 837 2451 Pascha
860 2372 975 2474 usque
997 2375 1048 2450 -ad
1074 2373 1111 2450 S.
1135 2367 1362 2448 Michaeiem
1388 2371 1433 2448 ad
1453 2371 1529 2448 dies
1548 2372 1700 2450 decern.
1728 2365 1883 2487 Afeiiu

481 2521 604 2578 autem
632 2497 671 2578 S.
689 2495 888 2577 Michaelis
909 2495 1025 2602 usque
1050 2500 1095 2576 ad
1121 2492 1261 2576 Pascha
1280 2495 1331 2575 de
1347 2497 1542 2616 quiadeua
1560 2498 1604 2574 'itt
1621 2497 1882 2599 quindenam.

531 2705 585 2778 De
610 2727 671 2777 rrorr
685 2695 876 2801 'recipiendo
896 2705 1042 2779 Fratres
1057 2699 1130 2788 iios
1150 2664 1288 2777 licintio
1308 2701 1448 2779 Domini
1467 2695 1646 2803 Magistri,
1663 2703 1754 2800 cop.
1774 2701 1839 2776 IV.

522 2875 624 2956 Tem
650 2877 890 2969 ordinamus,
916 2875 1132 2970 statuimus,
1157 2880 1195 2956 dt
1221 2869 1447 2972 definimus,
1471 2876 1573 2980 quod
1602 2877 1728 2953 nulius
1749 2869 1889 2952 Frater

550 3008 747 3106 recipiatur
773 3003 812 3077 in
837 3003 982 3083 Ordine
1007 3005 1140 3108 absque
1167 2999 1339 3084 Domini
1360 3003 1527 3106 Magistri
1544 3005 1697 3086 iiccntia
1714 3001 1884 3106 speciali.

518 3209 572 3284 De
586 3204 824 3306 sotirsosiiooe
843 3223 1006 3286 taxarum
1024 3207 1253 3310 impolitorum
1272 3205 1309 3283 irr
1327 3207 1495 3318 capituto,
1509 3207 1671 3288 Generaii
1681 3261 1693 3286 .
1717 3165 1859 3309 capsis.

531 3379 631 3461 Tem
654 3381 896 3480 ordinamus,
917 3379 1135 3478 iiatrtimus,
1160 3387 1200 3461 dt
1225 3378 1422 3461 definimus
1442 3438 1455 3476 ,
1476 3383 1579 3484 quod
1601 3383 1777 3484 qualibet
1800 3379 1892 3460 Do·

560 3533 644 3588 mus
664 3505 736 3588 five
750 3508 978 3588 'Conventus
996 3506 1153 3588 Ordinis
1168 3531 1341 3588 teneatur
1363 3509 1400 3589 dt
1420 3512 1546 3590 debeat
1564 3514 1610 3589 de
1626 3533 1761 3590 cataro
1777 3513 1899 3592 omni

484 3658 653 3735 tempore
667 3637 721 3739 xitt
742 3639 915 3739 ‘quolibet
938 3633 1048 3718 Festo
1071 3637 1267 3715 Omnium
1281 3633 1506 3716 'Saudioruttt
1529 3640 1758 3741 intcgraiitet
1787 3635 1890 3716 satis·

483 3763 602 3842 secisse
619 3763 839 3840 ¹Canerariis
853 3759 1039 3855 Ordinis,
1060 3762 1196 3864 ‘quibus
1219 3759 1471 3857 tenebuntur,
1496 3753 1544 3842 de
1563 3769 1721 3864 pecunia
1745 3765 1894 3843 ¹eisdettt

486 3883 662 3988 impofita
683 3887 728 3961 'in
749 3883 934 3984 Generaii
958 3885 1141 3982 Capituio
1172 3909 1245 3985 pro
1265 3887 1465 3963 'communi
1493 3889 1774 3969 contributione
1802 3915 1897 3968 con·

487 4017 591 4092 sueta
618 4015 659 4089 in
682 4009 764 4109 'ipso
786 4007 967 4106 Capituio
990 4007 1197 4090 Generaiic
1232 4015 1269 4092 Si
1298 4033 1422 4089 autem
1458 4007 1561 4091 secut
1590 4011 1729 4096 sadum
1753 4013 1896 4116 suerit,

492 4143 593 4240 quod
622 4132 835 4235 Ptaepoi'rti,
860 4133 1039 4232 Praeiati,
1075 4139 1112 4217 'dt
1138 4141 1255 4216 caeteri
1274 4133 1466 4216 'Officiaies
1488 4139 1712 4221 Dumorum
1735 4145 1896 4224 ‘Ordinis

490 4290 560 4365 pto
594 4264 663 4340 suis
682 4255 880 4343 Dumibus
916 4260 1122 4358 supradietis
1155 4287 1239 4341 non
1279 4261 1517 4344 satisfecerint
1550 4268 1749 4370 pienarie,
1784 4291 1896 4370 prout

488 4395 749 4493 premittitur,
769 4414 823 4468 co
851 4386 927 4488 ipso
949 4393 1083 4488 rigore
1107 4389 1220 4480 'huius
1243 4388 1542 4470 Constitutionis
1567 4389 1789 4472 sententiam
1814 4393 1891 4474 Ex·

486 4517 845 4594 communicationis
872 4517 1097 4610 incurrant,
1131 4537 1175 4592 ac
1212 4519 1250 4594 in
1286 4516 1386 4594 Foro
1409 4512 1580 4596 Ecciefiae
1612 4517 1685 4599 smt
1711 4519 1888 4620 suppositi

487 4639 740 4724 Ecclesiastico
764 4638 986 4724 Interdiiio.
1015 4644 1209 4746 aquibus
1234 4642 1428 4726 sententiis
1451 4644 1589 4725 absolvi
1616 4669 1696 4724 non
1722 4651 1880 4734 debeant

1643 4773 1836 4877 quousque
