4076 5496
509 615 551 682 t6
735 609 1177 694 Hotrttrrtrortvtr
1214 617 1570 696 Monuuttvva

458 734 495 808 in
526 733 672 834 aliquod
701 765 791 836 opus
817 743 990 837 evidens,
1015 748 1166 823 &utile
1190 747 1373 840 Rectene,
1401 753 1457 822 vei
1483 741 1678 834 Saereflie,
1702 735 1764 813 -fen
1792 733 1857 811 Ci-

457 865 592 938 tnitevii
621 866 704 940 didti
732 868 978 961 Conventus,
1007 893 1113 968 prout
1140 875 1246 970 ipso,
1272 875 1332 952 seu
1360 875 1423 973 ipsr
1446 871 1631 974 Operatio
1658 867 1856 963 placuerit,

460 1013 527 1062 nec
549 989 649 1064 aliud
672 1043 683 1081 ,
721 1015 788 1067 nec
814 997 892 1087 pius
920 1019 965 1072 ex
990 999 1087 1073 dicio
1115 997 1296 1095 superfluo
1320 1001 1503 1075 ditiorum
1530 995 1769 1084 reddituum,
1802 989 1857 1065 di·

457 1109 600 1188 diorum
628 1113 816 1192 bonorum
844 1143 909 1216 pto
938 1121 970 1195 se
999 1126 1157 1198 retinete
1183 1121 1348 1220 poffirrt,
1387 1147 1451 1199 nec
1480 1124 1519 1196 in
1549 1120 1647 1195 aliud
1673 1116 1857 1214 expendi,

456 1241 493 1316 dt
520 1235 624 1335 super
649 1241 723 1316 hoe
745 1241 884 1320 diuum
910 1243 1182 1338 Contentum,
1208 1253 1244 1325 u
1270 1247 1520 1346 Opetari-um,
1548 1244 1608 1320 ieu
1634 1243 1858 1340 operarios,

456 1369 493 1443 dt
514 1389 646 1442 eorum
665 1366 908 1448 conscientias
931 1373 1146 1450 honeravit.
1173 1369 1304 1450 Finitis
1327 1398 1412 1448 vero
1436 1371 1640 1470 firpradtuis
1659 1370 1857 1446 duodecim

456 1491 597 1584 annis,
632 1495 669 1572 dt
694 1491 904 1592 supradidiis
931 1499 1085 1596 triginta
1112 1501 1219 1578 annia
1247 1498 1323 1597 post
1348 1499 1461 1575 diuos
1486 1497 1681 1573 duodecim
1710 1519 1858 1592 annon,

456 1623 493 1697 d(
518 1620 632 1695 etiarn
659 1617 776 1698 finitis
801 1619 1008 1720 supradidis
1044 1626 1195 1720 triginta
1224 1623 1331 1698 annis
1365 1619 1445 1719 post
1470 1623 1583 1697 diuos
1610 1619 1763 1714 triginta
1790 1645 1859 1695 an·

458 1769 552 1837 noa,
572 1744 633 1843 qvi
656 1745 877 1826 adscendunt
896 1752 937 1825 io
960 1750 1103 1825 srnnma
1127 1747 1351 1844 septuaginta
1370 1748 1531 1822 duorum
1547 1767 1736 1820 annorum
1760 1743 1855 1818 uitta

457 1869 690 1968 strptasoripta
716 1869 815 1948 bona
841 1871 945 1969 supra
965 1871 1178 1963 confinata,
1203 1873 1344 1971 quoad
1369 1869 1472 1948 usum
1495 1867 1682 1964 studium,
1708 1875 1745 1946 dt
1771 1893 1856 1965 pro-

455 1995 649 2092 prietatem
672 1999 844 2096 reliquit,
871 2001 907 2075 dt
930 1997 1126 2090 iudicavit,
1147 1998 1377 2076 &devenire
1400 1999 1518 2073 voluit
1544 1997 1588 2072 ad
1608 1995 1858 2074 Contentum

458 2115 629 2194 Fratrum
654 2115 841 2198 Omnium
861 2115 1082 2200 Sardorum
1108 2123 1154 2198 de
1181 2119 1372 2196 Florentia
1396 2143 1484 2196 eum
1507 2119 1680 2212 honere,
1705 2125 1743 2199 dt
1767 2146 1859 2198 con-

457 2242 601 2322 ditione
614 2243 848 2346 infrascriptis
861 2247 1052 2340 videlicit,
1074 2247 1173 2346 quod
1193 2247 1308 2324 diuus
1319 2244 1541 2322 Conventus
1559 2263 1729 2323 teneatur
1745 2247 1861 2341 dare,

344 2378 352 2386 “
457 2365 519 2448 seu
543 2373 707 2468 tradere,
731 2380 768 2454 dt
789 2375 874 2469 det,
898 2373 937 2452 dt
956 2375 1075 2450 tradat
1095 2373 1258 2474 quotibet
1282 2399 1386 2449 anno
1405 2374 1447 2448 io
1472 2391 1686 2471 perpetuum
1709 2375 1866 2452 tertiam

454 2513 597 2592 partem
626 2499 860 2593 reddituum,
885 2502 923 2578 dt
950 2515 1198 2600 proventuum
1224 2497 1407 2572 didtotum
1422 2493 1616 2572 hortorum
1643 2493 1746 2594 supra
1764 2523 1860 2577 cort·

454 2617 659 2700 finatorutn
684 2623 896 2718 Capitoneis
911 2677 921 2714 ,
947 2627 983 2701 dt
1011 2623 1179 2700 Sotietati
1205 2621 1290 2698 Orti
1312 2620 1434 2698 Sandi
1458 2615 1678 2715 Mtehrette,
1701 2625 1765 2722 qni
1789 2649 1855 2721 pto

455 2761 621 2843 tempore
638 2745 804 2837 ⁴fuerint,
825 2749 861 2824 dt
884 2745 994 2822 aliam
1014 2747 1128 2822 etiam
1151 2767 1292 2840 par-tent
1313 2742 1483 2843 hospitati
1499 2798 1511 2837 ,
1530 2744 1595 2823 seu
1616 2745 1855 2845 hospitaietio

449 2872 589 2950 sante
613 2873 732 2950 Matie
765 2871 874 2948 Nove
906 2873 952 2948 de
986 2873 1205 2963 Florentia,
1239 2876 1278 2950 dt
1314 2873 1492 2970 reliquam
1530 2874 1675 2952 tertiam
1710 2895 1858 2975 pattena

456 2997 628 3096 hospitali
654 2998 784 3091 Sapide
812 2995 932 3072 Marie
958 2997 1052 3072 della
1079 2984 1211 3074 &nata
1235 2999 1279 3074 de
1309 2995 1498 3074 Florentia
1521 2999 1606 3096 (5),
1634 3001 1693 3076 tei
1716 3025 1779 3097 pet
1800 3027 1858 3082 te·

452 3129 651 3204 dentorem
672 3123 853 3198 diuorum
873 3117 1079 3214 frudtuurn,
1101 3124 1330 3216 reddituum,
1352 3126 1389 3202 dt
1411 3143 1657 3217 proventuum
1679 3125 1861 3203 distrtum

455 3253 611 3330 duarum
639 3254 793 3348 partiunt
822 3250 1001 3354 ditiorum
1031 3248 1248 3339 bonorum,
1281 3250 1318 3325 ὃ(
1344 3245 1556 3324 hereditatis
1587 3248 1742 3343 predtue
1767 3249 1857 3326 uui

453 3381 647 3481 quondam
673 3375 739 3454 Ser
761 3373 891 3450 Manzi
913 3369 998 3466 det,
1024 3377 1060 3449 dt
1085 3371 1223 3466 solvat,
1249 3377 1286 3450 ἃ
1310 3374 1421 3466 dare,
1446 3369 1482 3450 ἃ
1505 3369 1642 3449 solvere
1664 3391 1856 3470 teneatur,

458 3513 495 3586 dt
516 3505 643 3584 debeat
663 3503 763 3580 diuis
783 3499 945 3578 sotietati
968 3499 1098 3577 Sande
1113 3497 1240 3572 Mariae
1258 3497 1340 3572 Orti
1354 3497 1475 3572 Saosti
1492 3495 1709 3590 Michaeiiv,
1731 3497 1857 3599 itospi.

456 3637 518 3711 tali
545 3634 676 3710 Sandie
705 3627 823 3704 Marie
849 3625 993 3715 Nove,
1028 3621 1263 3719 &hospitali
1290 3621 1422 3700 sanae
1451 3621 1569 3699 Motie
1590 3623 1692 3698 detta
1717 3623 1851 3700 senata

457 3761 565 3838 libras
592 3775 743 3834 centurn
761 3751 1022 3850 spendibiiium
1040 3749 1138 3826 inter
1157 3771 1290 3825 omnes
1311 3771 1375 3842 pro
1398 3747 1518 3845 equeli
1541 3761 1758 3844 patte,tpro
1779 3771 1856 3849 qno

454 3880 572 3966 modo
594 3905 638 3960 ut
663 3883 801 3958 didium
828 3875 878 3954 est
906 3874 1105 3951 seeundum
1140 3871 1359 3948 relationem
1393 3867 1526 3947 fodiem
1554 3871 1596 3948 ia
1625 3871 1846 3968 testamento

432 4015 548 4104 ‚oiim
573 4006 728 4086 condito
755 4028 817 4101 pet
842 3997 979 4078 diuum
1007 3999 1071 4075 Ser
1096 3988 1305 4072 Manzut'n.
1331 3993 1534 4072 Refrduum
1557 4019 1646 4076 vera
1667 3999 1853 4084 diuorum

453 4137 673 4230 fruetuum,
706 4131 951 4223 reddituum,
987 4131 1023 4205 dt
1047 4142 1297 4226 proventuum
1323 4119 1504 4198 didoturn
1535 4119 1722 4201 bonorum
1748 4121 1858 4221 stupra

1688 4249 1812 4332 eonfi-

468 4377 1856 4419 W

451 4461 501 4542 (5)
525 4419 728 4523 Noiocomiutn
756 4460 807 4518 hoc
837 4479 936 4533 paucos
962 4475 1025 4518 ante
1054 4475 1139 4516 annot
1211 4453 1309 4518 Cionia
1329 4447 1433 4515 Petunt
1462 4449 1540 4514 filiae
1566 4445 1685 4522 eiusdem
1705 4449 1860 4518 tundnnr.
1968 4515 1971 4523 ,

493 4563 639 4624 florentin
659 4557 844 4620 construetur·
865 4555 974 4617 {uetare
996 4557 1072 4615 Nam
1083 4557 1138 4613 cir·
1213 4551 1252 4615 V.
1265 4556 1450 4615 dormitatum
1466 4551 1670 4616 Sta-fram.
1681 4555 1714 4617 P.
1724 4557 1784 4624 14.
1799 4579 1858 4628 μμ

493 4683 529 4726 aa
547 4681 593 4725 an.
606 4657 770 4722 mcccut.
784 4653 901 4716 virebat
920 4655 1008 4714 adhuc
1021 4653 1148 4714 srautnr
