4076 5496
401 590 1318 702 Aunosastotttantrttnsrrtasa.
1457 607 1508 696 ‘55
1574 679 1582 690 ,

162 727 283 804 cetur,
310 713 347 792 dt
374 714 594 813 assignetur,
621 715 720 808 juxta
746 723 849 799 illam
883 723 928 800 de
959 724 1065 801 bonis
1091 725 1155 802 fibi
1187 725 1280 802 adeo
1309 719 1453 800 collatis
1484 740 1557 794 una

160 837 275 912 domu
320 863 387 936 pro
423 839 489 917 usu
524 843 822 923 &habitatione
856 869 1027 945 perpetua
1063 849 1233 926 Fratrum
1269 847 1553 925 Heremitarum

156 963 399 1062 predidiurum
427 969 523 1068 ,qui
548 968 736 1048 Altissrmn
760 974 928 1054 debitum
951 976 1152 1053 exhibeant
1178 971 1402 1052 famulatum
1425 1024 1438 1063 ,
1463 965 1553 1044 sun·

154 1085 263 1185 dari,
296 1091 492 1188 construi,
525 1098 745 1176 &edificari
773 1098 892 1178 iacere
924 1126 990 1198 pro
1017 1097 1140 1180 salute
1158 1101 1372 1177 animarum
1405 1095 1555 1172 suarum

153 1215 393 1296 desiderant.
428 1218 614 1325 Qiodque
639 1229 682 1300 ad
709 1225 921 1317 hujusmodi
947 1225 1215 1322 fundationis,
1246 1222 1557 1322 construliionis,

154 1347 189 1422 dt
214 1343 459 1424 edificationis
487 1347 602 1426 finem
629 1353 666 1428 dt
693 1349 865 1430 effectum
890 1355 1040 1432 diledtus
1060 1354 1158 1434 filius
1177 1349 1365 1431 Amedeus
1389 1349 1438 1425 de
1462 1347 1557 1425 Tar·
1651 1415 1652 1422 a

153 1469 244 1548 visto
271 1470 384 1569 ip'fius
410 1471 571 1552 Ecclesre
594 1478 711 1554 rector
738 1481 868 1575 illam,
893 1505 1005 1580 quarn
1027 1481 1198 1574 obtinet,
1223 1477 1351 1580 sponte
1377 1479 1414 1554 bt
1439 1474 1553 1552 iibere
1684 1517 1687 1524 ,

44 1597 338 1698 p-eefignare
363 1600 573 1698 proponit.
605 1599 731 1704 Quare
756 1630 822 1704 pru
849 1625 948 1702 perte
972 1603 1229 1686 Univerfitatis
1262 1609 1300 1684 δι
1333 1599 1551 1680 Hominum

137 1733 140 1738 '
154 1726 408 1822 predidorum
435 1725 703 1825 asserentium,
727 1733 826 1831 quod
851 1730 1020 1828 liunus,
1055 1733 1253 1822 redditus,
1286 1733 1323 1808 δι
1350 1749 1552 1826 proventus

152 1853 239 1930 illue
260 1851 423 1933 Ecclefie
443 1855 596 1952 triginta
616 1854 864 1935 Florcnorurn
886 1861 965 1938 nuri
986 1861 1031 1938 de
1051 1857 1212 1936 Camere
1234 1853 1428 1933 secundam
1446 1877 1552 1930 eom-

152 1971 310 2055 munem
347 1980 633 2057 extimationem
668 1983 833 2058 salutent
867 2004 1039 2087 annuunt
1076 2007 1156 2060 nun
1191 1978 1407 2070 excedunt,
1443 1978 1554 2056 nobis

150 2101 218 2182 suit
251 2107 448 2186 humiliter
481 2105 756 2207 supplicatum,
790 2125 831 2186 ut
867 2105 1053 2207 pensatam
1085 2105 1286 2184 Ecclesiam
1319 2103 1365 2180 de
1392 2101 1552 2199 Angelis

149 2226 280 2307 Ordini
308 2229 589 2310 Heremitarunt
617 2234 651 2310 S.
675 2233 872 2333 Augustini
900 2230 1111 2324 hujusmodi
1140 2250 1314 2330 perpetuo
1338 2230 1547 2327 applicare,

149 2359 184 2436 bt
208 2357 417 2456 assignare,
442 2355 578 2462 ipfique
605 2359 845 2442 Universrtati
868 2363 904 2436 dt
927 2357 1157 2436 Hominibus
1178 2357 1224 2433 de
1249 2355 1360 2432 bonis
1380 2353 1548 2452 predictis

148 2475 245 2569 itate
268 2482 444 2562 eamdem
471 2481 672 2560 Ecclesiam
691 2483 736 2562 de
758 2483 915 2582 Angelis
933 2483 1092 2558 domurn
1120 2480 1316 2576 prediliam
1337 2503 1422 2554 cunt
1444 2481 1549 2580 claua

148 2601 250 2700 liro,
280 2607 545 2702 dormitorio,
576 2611 615 2686 dt
641 2606 668 2685 fi
695 2607 787 2684 dina
814 2603 976 2684 Ecclesia
1014 2605 1086 2680 hiis
1111 2625 1261 2701 careat,
1294 2605 1548 2704 Campaniles

147 2729 366 2832 Campans,
389 2731 616 2828 Cimiterio,
641 2737 678 2814 ἃ
704 2735 786 2810 aliis
811 2731 1011 2812 necessariis
1035 2729 1164 2809 officiis
1189 2757 1258 2830 pro
1282 2727 1349 2808 usu
1377 2733 1414 2810 bt
1441 2727 1545 2806 babi-

147 2861 282 2937 tatione
311 2855 463 2958 ptcditii
490 2853 663 2954 nudari,
687 2859 875 2955 construi,
899 2863 936 2939 bt
964 2859 1119 2938 edificari
1148 2855 1336 2950 faciendi;
1364 2881 1429 2936 nec
1458 2881 1542 2936 non
1673 2858 1678 2866 ’

145 2979 327 3061 fratribus
352 2980 504 3060 Ordinis
525 2985 562 3061 S.
589 2967 790 3080 Augustini
819 2984 1029 3074 hujusmodi
1055 2983 1257 3066 Ecclesiam
1283 2987 1330 3062 de
1357 2984 1545 3081 Angelis,
1608 2967 1611 2974 Δ

143 3109 331 3211 postquam
359 3106 575 3210 resignata,
606 3113 643 3189 bt
677 3111 834 3186 domum
863 3109 1051 3210 postquam
1081 3110 1238 3192 fundata
1254 3169 1276 3216 Ι,
1310 3109 1542 3225 construas,

143 3233 301 3313 edificata
329 3231 467 3329 fucrit,
490 3253 533 3312 ut
559 3235 810 3334 premittitur,
836 3235 1034 3311 anteditlas
1061 3261 1126 3334 pru
1151 3235 1287 3314 eisdem
1314 3233 1381 3314 usn
1409 3241 1447 3316 dl
1474 3235 1543 3313 he·

144 3357 323 3436 bitatione
348 3359 546 3457 recipiendi
582 3381 623 3434 ne
658 3377 833 3456 perpetuo
866 3359 1049 3436 retinendi
1085 3358 1274 3438 licentiam
1309 3364 1543 3457 concederes

148 3488 297 3564 aeolias
323 3485 427 3586 super
452 3485 525 3560 hiis
551 3505 761 3583 opportune
787 3483 974 3581 procidere
994 3483 1039 3560 de
1062 3483 1289 3581 benignitate
1318 3472 1537 3586 Apostolica

145 3618 380 3716 dignaremur
401 3671 412 3696 .
446 3614 530 3693 Nos
556 3616 698 3714 igitur,
723 3616 784 3715 qui
812 3615 859 3690 de
885 3615 1059 3714 premissis
1082 3639 1221 3696 certam
1248 3621 1424 3698 notitiam
1452 3645 1535 3700 non

144 3743 317 3825 hebemus
337 3803 349 3843 ,
373 3765 415 3823 ut
440 3743 595 3821 ubilibet
617 3743 763 3819 cultum
788 3741 958 3818 divinum
986 3743 1155 3841 adaugeri
1180 3801 1192 3841 ,
1226 3753 1263 3828 bt
1290 3747 1538 3844 Religionem

146 3871 351 3952 huiusmodi
381 3871 511 3950 nostris
538 3869 720 3970 potissime
749 3867 975 3966 temporibus
1001 3869 1154 3948 intensis
1176 3872 1365 3951 defideriis
1388 3872 1533 3956 essessa·

144 4023 252 4095 mos,
288 4002 456 4077 volentes
480 3991 666 4095 prefatum
695 3996 941 4087 Amedeum,
977 4015 1026 4071 ue
1061 4017 1207 4094 propter
1241 3995 1538 4096 resignationem

143 4123 349 4205 huiusmodi
362 4173 470 4202 .....
491 4123 592 4196 iliam
620 4118 780 4214 secerit,
816 4121 978 4196 ninnium
1003 4119 1235 4216 dispendium
1264 4126 1458 4220 pariatur,
1480 4123 1539 4204 fa-

142 4269 223 4330 rore
250 4235 416 4350 prosequi
441 4247 634 4350 gratioso,
657 4231 869 4323 huiusmodi
899 4243 1218 4342 supplicationibus
1241 4243 1415 4327 inclinati·
1439 4251 1531 4332 Fra-

146 4381 303 4455 ternirati
319 4399 405 4472 tue,
426 4377 470 4451 de
492 4373 596 4451 cuius
612 4372 743 4450 diocesi
766 4373 858 4450 dida
880 4369 1039 4448 Ecclesia
1061 4375 1111 4450 de
1127 4376 1283 4474 Angelis
1293 4374 1539 4476 elsedicitur,

145 4531 203 4604 per
228 4503 439 4606 Apostolice
465 4501 590 4602 scripta
618 4503 865 4594 mundamus,
888 4519 1071 4600 quatenus
1089 4485 1134 4574 de
1155 4499 1329 4599 premissis
1355 4509 1537 4584 omnibus

144 4637 179 4714 n
205 4633 357 4733 iugulis
376 4685 391 4726 ,a
422 4651 463 4708 ac
488 4651 620 4707 eorum
645 4623 925 4704 circumstantiis
956 4620 1138 4702 universis
1166 4623 1381 4707 austeritate
1406 4627 1533 4710 nostra

339 4789 344 4796 '
1449 4777 1489 4835 te
