4100 5500
522 537 593 614 166
679 535 1127 622 Huururnronnu
1161 543 1662 624 Cousrrrncrouns
1724 646 1730 654 ,

740 739 972 826 NONA
1032 743 1603 830 DISTINCTIO.

477 914 783 1246 INfrascriptz
810 919 892 1000 sunt
918 920 1219 1007 constitutiones
1251 926 1352 1004 fauo
1380 928 1420 1004 in
1447 925 1625 1022 Capitulo
1657 922 1704 1003 de
1731 915 1880 1016 Brayda

577 1065 680 1116 anno
700 1039 865 1120 Domini
890 1045 1092 1128 rnillelimo
1113 1055 1371 1130 trecentesimo
1391 1049 1873 1154 quadragesimosecundo,

577 1175 614 1248 dt
640 1173 870 1253 confirmate
897 1181 935 1252 in
961 1177 1146 1276 Capitulis
1169 1177 1215 1254 de
1242 1179 1489 1258 Rondenario
1514 1183 1552 1260 de
1576 1180 1622 1258 de
1650 1177 1804 1276 Ripalta
1833 1177 1875 1257 iu

479 1297 760 1396 quadragefimo
787 1302 895 1378 tertio
921 1305 957 1380 dt
984 1303 1261 1404 quadragefimo
1289 1327 1449 1406 quarto.

989 1513 1042 1583 De
1066 1507 1205 1584 Studio.
1232 1514 1314 1608 Cap.
1335 1513 1364 1584 1.

522 1658 620 1750 Tem
641 1673 865 1775 definimus,
885 1685 984 1784 quod
1006 1690 1093 1764 citra
1116 1681 1262 1762 Festum
1277 1683 1395 1762 Sandi
1411 1681 1520 1762 Lucae
1534 1681 1702 1782 proxime
1721 1678 1878 1756 venien·

552 1802 596 1874 tis
616 1797 810 1882 Dominus
831 1807 1007 1906 Magister
1030 1833 1199 1890 teneatur
1220 1811 1393 1890 ordinare
1414 1818 1452 1892 dt
1472 1814 1602 1913 exequi
1621 1834 1707 1888 curn
1724 1804 1882 1899 effestu,

483 1927 583 2023 quod
608 1927 802 2005 duodecim
829 1927 971 2009 Fratres
1003 1933 1152 2024 juvenes
1187 1937 1260 2032 apri
1297 1941 1334 2016 δι
1369 1937 1510 2016 habiles
1535 1939 1581 2014 ad
1608 1932 1771 2013 lludium
1798 1931 1885 2008 mit·

483 2068 609 2126 tantur
637 2046 853 2132 Bononiam
882 2058 927 2132 ad
953 2055 1173 2137 studendum
1196 2062 1236 2136 in
1258 2059 1609 2138 Grammaticalibus
1632 2065 1671 2138 dr
1697 2056 1887 2156 Logicali·

485 2175 582 2269 bus,
616 2179 661 2256 ad
695 2201 914 2256 communes
938 2181 1111 2280 expensas
1136 2185 1252 2262 totius
1280 2185 1578 2264 communitatis
1603 2181 1790 2258 Ordinis.
1826 2179 1877 2258 Et

397 2273 406 2306 ⁸
483 2301 704 2402 quicumque
731 2301 948 2400 Praepofitus
975 2309 1032 2384 vel
1059 2307 1234 2388 Praelatus
1255 2310 1412 2386 voluerit
1437 2309 1596 2408 aliquem
1624 2309 1670 2384 de
1697 2305 1769 2398 suis
1798 2308 1884 2383 mit·

480 2450 582 2522 tere,
610 2450 779 2506 teneatur
807 2433 969 2530 praestare
994 2433 1160 2514 florenos
1188 2437 1268 2512 auri
1295 2435 1514 2529 duodecim,
1540 2431 1604 2510 fibi
1630 2431 1752 2530 polica
1780 2456 1883 2510 corn·

481 2541 663 2652 putandos
694 2557 730 2630 in
758 2536 867 2633 fodro
893 2557 1097 2659 sequenti.
1131 2555 1206 2656 Qui
1239 2560 1437 2638 duodecim
1469 2543 1668 2635 Studenres
1695 2559 1884 2655 eligantur

481 2707 544 2782 per
570 2679 789 2760 Dominum
820 2667 1098 2794 Magistrum&
1120 2685 1361 2784 Praepol'rtunt
1386 2685 1701 2764 deRondenario
1722 2689 1760 2762 ὅ(
1790 2683 1885 2762 Prae·

482 2811 601 2886 latum
629 2807 802 2902 Braydae.
828 2807 879 2886 Et
905 2811 1058 2910 quilibet
1086 2813 1339 2912 proditionum
1364 2812 1601 2891 studentium
1629 2811 1750 2910 quoad
1773 2811 1886 2909 perci·

485 2935 620 3033 pienda
647 2933 872 3011 indumenta
898 2941 935 3016 &
961 2942 1238 3032 calceamenta,
1264 2955 1480 3036 reputentur
1507 2930 1703 3014 residentes
1729 2921 1774 3014 in'
1799 2962 1882 3040 pro·

496 3060 584 3158 priis
607 3057 867 3136 Coureuribus
888 3065 929 3138 dt
954 3061 1166 3158 presentes.

940 3239 993 3337 De
1018 3255 1124 3360 Miffis
1147 3265 1374 3365 'novir.,Cap.
1395 3265 1450 3356 II„

534 3431 632 3515 Tern
669 3433 891 3532 (innuimus,
926 3439 1153 3534 definimus,
1187 3443 1224 3519 ὃ(
1257 3441 1502 3532 ordinamus,
1534 3438 1635 3538 quod
1664 3437 1713 3516 de
1748 3460 1882 3520 caetero

563 3569 686 3644 nullus
711 3562 836 3646 Frater
867 3565 1025 3646 Ordinis
1060 3566 1255 3665 praesumat
1285 3565 1470 3644 celebrare
1505 3569 1563 3640 rel
1595 3587 1745 3643 cantare
1785 3567 1883 3645 suant

489 3691 646 3788 primam
676 3689 822 3770 Millam
845 3719 983 3770 novam
1003 3713 1107 3770 extra
1130 3693 1351 3770 Contentus
1372 3697 1410 3770 dt
1430 3694 1509 3768 loca
1530 3689 1705 3783 Ordinist
1725 3695 1764 3770 br
1788 3688 1882 3791 'quod

491 3819 531 3892 in
553 3819 839 3912 Convenribus,
865 3817 926 3893 ubi
951 3817 1216 3911 celebrabitur,
1242 3819 1306 3892 illa
1327 3816 1390 3891 die
1413 3819 1537 3891 nullus
1556 3817 1747 3892 Secularis
1766 3837 1886 3891 come·

492 3945 584 4019 dat:
610 3947 648 4022 dr
675 3919 923 4039 fi'contingat
945 3941 1180 4019 eontrarium
1215 3937 1294 4016 fieri
1321 3941 1361 4014 in
1391 3939 1570 4038 aliquibus
1605 3937 1889 4054 conventibus,

494 4065 712 4168 Pratpnl‘rtus
739 4067 796 4145 vel
826 4067 999 4144 Praelatus
1025 4067 1154 4142 talium
1183 4065 1452 4142 Conventuum
1478 4063 1550 4142 sunt
1579 4063 1737 4162 suspcnli
1765 4067 1811 4140 ab
1831 4065 1887 4140 ad·
1997 4135 1998 4158 ς

494 4197 796 4292 ιυὶηῑῐὶτειζοηο,
827 4201 866 4274 bt
900 4195 1101 4274 Praesbiteri
1133 4187 1361 4270 celebrantes
1391 4191 1463 4271 lint
1496 4187 1655 4294 suspensa
1680 4217 1704 4270 a
1729 4191 1884 4274 celebra·
1997 4167 1998 4184 ἵ

490 4329 595 4408 tione
624 4326 817 4406 Miilarum
844 4325 1026 4427 usquead
1058 4317 1279 4405 biennium.
1997 4315 1998 4344 ³
