<?xml version="1.0" encoding="UTF-8"?>
<!DOCTYPE html PUBLIC "-//W3C//DTD XHTML 1.0 Transitional//EN"
    "http://www.w3.org/TR/xhtml1/DTD/xhtml1-transitional.dtd">
<html xmlns="http://www.w3.org/1999/xhtml" xml:lang="en" lang="en">
 <head>
  <title>
</title>
<meta http-equiv="Content-Type" content="text/html;charset=utf-8" />
  <meta name='ocr-system' content='tesseract 3.04.00' />
  <meta name='ocr-capabilities' content='ocr_page ocr_carea ocr_par ocr_line ocrx_word'/>
</head>
<body>
  <div class='ocr_page' id='page_1' title='image "./veterahumiliato00braigoog_0092.png"; bbox 0 0 4076 5496; ppageno 0'>
   <div class='ocr_carea' id='block_1_1' title="bbox 250 557 1763 3822">
    <p class='ocr_par' dir='ltr' id='par_1_1' title="bbox 257 557 1665 1160">
     <span class='ocr_line' id='line_1_1' title="bbox 508 557 1611 682; baseline -0.01 -38"><span class='ocrx_word' id='word_1_1' title='bbox 508 568 1426 682; x_wconf 70' lang='lat' dir='ltr'>Annorsrtoursnsrtrnsrutrs.</span> <span class='ocrx_word' id='word_1_2' title='bbox 1567 557 1611 634; x_wconf 82' lang='lat'>81</span> 
     </span>
     <span class='ocr_line' id='line_1_2' title="bbox 257 677 1664 793; baseline 0.001 -35"><span class='ocrx_word' id='word_1_3' title='bbox 257 677 440 764; x_wconf 84' lang='lat' dir='ltr'>Genetali</span> <span class='ocrx_word' id='word_1_4' title='bbox 468 691 506 768; x_wconf 93' lang='lat' dir='ltr'>in</span> <span class='ocrx_word' id='word_1_5' title='bbox 537 696 696 793; x_wconf 88' lang='lat' dir='ltr'>partibus</span> <span class='ocrx_word' id='word_1_6' title='bbox 720 695 859 774; x_wconf 82' lang='lat' dir='ltr'>Tusciae</span> <span class='ocrx_word' id='word_1_7' title='bbox 887 723 954 792; x_wconf 81' lang='lat' dir='ltr'>pro</span> <span class='ocrx_word' id='word_1_8' title='bbox 977 697 1170 774; x_wconf 88' lang='lat' dir='ltr'>Tribunali</span> <span class='ocrx_word' id='word_1_9' title='bbox 1194 695 1340 772; x_wconf 83' lang='lat' dir='ltr'>sedente</span> <span class='ocrx_word' id='word_1_10' title='bbox 1363 694 1403 768; x_wconf 91' lang='lat' dir='ltr'>in</span> <span class='ocrx_word' id='word_1_11' title='bbox 1433 677 1664 781; x_wconf 86' lang='lat' dir='ltr'>iustaseripto</span> 
     </span>
     <span class='ocr_line' id='line_1_3' title="bbox 260 805 1665 918; baseline -0.001 -34"><span class='ocrx_word' id='word_1_12' title='bbox 260 811 371 888; x_wconf 80' lang='lat' dir='ltr'>loeo:</span> <span class='ocrx_word' id='word_1_13' title='bbox 396 813 446 894; x_wconf 87' lang='lat' dir='ltr'>Et</span> <span class='ocrx_word' id='word_1_14' title='bbox 472 845 628 918; x_wconf 80' lang='lat' dir='ltr'>quarum</span> <span class='ocrx_word' id='word_1_15' title='bbox 658 819 862 896; x_wconf 72' lang='lat' dir='ltr'>litterarum</span> <span class='ocrx_word' id='word_1_16' title='bbox 889 822 1117 914; x_wconf 73' lang='lat' dir='ltr'>vicariatus,</span> <span class='ocrx_word' id='word_1_17' title='bbox 1143 821 1179 898; x_wconf 84' lang='lat' dir='ltr'>dt</span> <span class='ocrx_word' id='word_1_18' title='bbox 1201 819 1272 896; x_wconf 81' lang='lat' dir='ltr'>suae</span> <span class='ocrx_word' id='word_1_19' title='bbox 1293 815 1445 892; x_wconf 81' lang='lat' dir='ltr'>Vicariee</span> <span class='ocrx_word' id='word_1_20' title='bbox 1465 809 1549 886; x_wconf 77' lang='lat' dir='ltr'>dieti</span> <span class='ocrx_word' id='word_1_21' title='bbox 1574 805 1665 883; x_wconf 81' lang='lat' dir='ltr'>Fra·</span> 
     </span>
     <span class='ocr_line' id='line_1_4' title="bbox 261 932 1658 1045; baseline -0.004 -31"><span class='ocrx_word' id='word_1_22' title='bbox 261 939 327 1014; x_wconf 89' lang='lat' dir='ltr'>tris</span> <span class='ocrx_word' id='word_1_23' title='bbox 352 937 490 1037; x_wconf 73' lang='lat' dir='ltr'>juliani</span> <span class='ocrx_word' id='word_1_24' title='bbox 522 945 654 1023; x_wconf 88' lang='lat' dir='ltr'>Vicatii</span> <span class='ocrx_word' id='word_1_25' title='bbox 681 943 876 1024; x_wconf 79' lang='lat' dir='ltr'>Generalis</span> <span class='ocrx_word' id='word_1_26' title='bbox 899 950 1053 1045; x_wconf 73' lang='lat' dir='ltr'>prodidi</span> <span class='ocrx_word' id='word_1_27' title='bbox 1075 967 1208 1038; x_wconf 87' lang='lat' dir='ltr'>tenor,</span> <span class='ocrx_word' id='word_1_28' title='bbox 1235 941 1298 1044; x_wconf 89' lang='lat' dir='ltr'>qui</span> <span class='ocrx_word' id='word_1_29' title='bbox 1319 938 1504 1038; x_wconf 86' lang='lat' dir='ltr'>sequitur,</span> <span class='ocrx_word' id='word_1_30' title='bbox 1530 932 1579 1012; x_wconf 83' lang='lat' dir='ltr'>est</span> <span class='ocrx_word' id='word_1_31' title='bbox 1606 953 1658 1009; x_wconf 83' lang='lat' dir='ltr'>tt·</span> 
     </span>
     <span class='ocr_line' id='line_1_5' title="bbox 261 1063 738 1160; baseline 0.017 -21"><span class='ocrx_word' id='word_1_32' title='bbox 261 1063 332 1160; x_wconf 85' lang='lat' dir='ltr'>lis,</span> <span class='ocrx_word' id='word_1_33' title='bbox 361 1067 550 1146; x_wconf 78' lang='lat' dir='ltr'>videlicet.</span> <span class='ocrx_word' id='word_1_34' title='bbox 732 1137 738 1146; x_wconf 95' lang='lat'><em>.</em></span> 
     </span>
    </p>

    <p class='ocr_par' dir='ltr' id='par_1_2' title="bbox 250 1187 1763 3822">
     <span class='ocr_line' id='line_1_6' title="bbox 359 1187 1662 1292; baseline -0.001 -25"><span class='ocrx_word' id='word_1_35' title='bbox 359 1187 484 1268; x_wconf 85' lang='lat' dir='ltr'>Frater</span> <span class='ocrx_word' id='word_1_36' title='bbox 504 1195 637 1274; x_wconf 81' lang='lat' dir='ltr'><strong>Simon</strong></span> <span class='ocrx_word' id='word_1_37' title='bbox 659 1197 703 1274; x_wconf 88' lang='lat' dir='ltr'>tle</span> <span class='ocrx_word' id='word_1_38' title='bbox 726 1195 849 1274; x_wconf 78' lang='lat' dir='ltr'>Pleuit</span> <span class='ocrx_word' id='word_1_39' title='bbox 866 1197 1113 1278; x_wconf 89' lang='lat' dir='ltr'>Decretorum</span> <span class='ocrx_word' id='word_1_40' title='bbox 1137 1195 1310 1292; x_wconf 76' lang='lat' dir='ltr'>Doeor,</span> <span class='ocrx_word' id='word_1_41' title='bbox 1328 1189 1430 1286; x_wconf 88' lang='lat' dir='ltr'>Dei,</span> <span class='ocrx_word' id='word_1_42' title='bbox 1450 1194 1487 1270; x_wconf 82' lang='lat' dir='ltr'>dt</span> <span class='ocrx_word' id='word_1_43' title='bbox 1507 1187 1662 1288; x_wconf 83' lang='lat' dir='ltr'>Aposto-</span> 
     </span>
     <span class='ocr_line' id='line_1_7' title="bbox 257 1315 1660 1414; baseline 0.002 -25"><span class='ocrx_word' id='word_1_44' title='bbox 257 1315 335 1390; x_wconf 78' lang='lat' dir='ltr'>h&#39;eae</span> <span class='ocrx_word' id='word_1_45' title='bbox 356 1315 456 1392; x_wconf 86' lang='lat' dir='ltr'>Sedis</span> <span class='ocrx_word' id='word_1_46' title='bbox 476 1315 606 1400; x_wconf 78' lang='lat' dir='ltr'>Grstitt</span> <span class='ocrx_word' id='word_1_47' title='bbox 628 1327 741 1402; x_wconf 84' lang='lat' dir='ltr'>torius</span> <span class='ocrx_word' id='word_1_48' title='bbox 770 1327 922 1403; x_wconf 83' lang='lat' dir='ltr'>Ordinis</span> <span class='ocrx_word' id='word_1_49' title='bbox 946 1328 1244 1404; x_wconf 82' lang='lat' dir='ltr'>Humiliatorunt</span> <span class='ocrx_word' id='word_1_50' title='bbox 1266 1321 1462 1400; x_wconf 78' lang='lat' dir='ltr'>Generalis</span> <span class='ocrx_word' id='word_1_51' title='bbox 1485 1315 1660 1414; x_wconf 79' lang='lat' dir='ltr'>Magister</span> 
     </span>
     <span class='ocr_line' id='line_1_8' title="bbox 257 1433 1659 1550; baseline 0.002 -32"><span class='ocrx_word' id='word_1_52' title='bbox 257 1433 471 1524; x_wconf 76' lang='lat' dir='ltr'>Venerabili</span> <span class='ocrx_word' id='word_1_53' title='bbox 487 1447 594 1544; x_wconf 80' lang='lat' dir='ltr'>nobis</span> <span class='ocrx_word' id='word_1_54' title='bbox 615 1453 653 1524; x_wconf 91' lang='lat' dir='ltr'>in</span> <span class='ocrx_word' id='word_1_55' title='bbox 674 1449 824 1527; x_wconf 83' lang='lat' dir='ltr'>Cluilio</span> <span class='ocrx_word' id='word_1_56' title='bbox 837 1453 970 1528; x_wconf 77' lang='lat' dir='ltr'>diledlo</span> <span class='ocrx_word' id='word_1_57' title='bbox 984 1451 1100 1528; x_wconf 83' lang='lat' dir='ltr'>Fratri</span> <span class='ocrx_word' id='word_1_58' title='bbox 1116 1451 1266 1550; x_wconf 88' lang='lat' dir='ltr'>Juliano</span> <span class='ocrx_word' id='word_1_59' title='bbox 1281 1446 1474 1528; x_wconf 88' lang='lat' dir='ltr'>Domint&#39;ci</span> <span class='ocrx_word' id='word_1_60' title='bbox 1497 1449 1551 1542; x_wconf 86' lang='lat'>(3)</span> <span class='ocrx_word' id='word_1_61' title='bbox 1575 1469 1659 1520; x_wconf 80' lang='lat' dir='ltr'>ons·</span> 
     </span>
     <span class='ocr_line' id='line_1_9' title="bbox 257 1565 1654 1676; baseline 0.006 -41"><span class='ocrx_word' id='word_1_62' title='bbox 257 1565 366 1640; x_wconf 82' lang='lat' dir='ltr'>nium</span> <span class='ocrx_word' id='word_1_63' title='bbox 403 1567 625 1648; x_wconf 66' lang='lat' dir='ltr'>sanctorum</span> <span class='ocrx_word' id='word_1_64' title='bbox 659 1569 855 1648; x_wconf 82' lang='lat' dir='ltr'>Florentiae</span> <span class='ocrx_word' id='word_1_65' title='bbox 892 1575 1042 1654; x_wconf 78' lang='lat' dir='ltr'>Ordinis</span> <span class='ocrx_word' id='word_1_66' title='bbox 1077 1575 1211 1676; x_wconf 83' lang='lat' dir='ltr'>ptaesati</span> <span class='ocrx_word' id='word_1_67' title='bbox 1249 1573 1404 1676; x_wconf 78' lang='lat' dir='ltr'>proferto</span> <span class='ocrx_word' id='word_1_68' title='bbox 1432 1573 1584 1646; x_wconf 85' lang='lat' dir='ltr'>salutem</span> <span class='ocrx_word' id='word_1_69' title='bbox 1616 1572 1654 1645; x_wconf 93' lang='lat' dir='ltr'>in</span> 
     </span>
     <span class='ocr_line' id='line_1_10' title="bbox 255 1693 1658 1810; baseline 0 -36"><span class='ocrx_word' id='word_1_70' title='bbox 255 1693 352 1787; x_wconf 79' lang='lat' dir='ltr'>Delu</span> <span class='ocrx_word' id='word_1_71' title='bbox 381 1698 670 1798; x_wconf 75' lang='lat' dir='ltr'>sempiternam.</span> <span class='ocrx_word' id='word_1_72' title='bbox 709 1702 809 1800; x_wconf 81' lang='lat' dir='ltr'>Quia</span> <span class='ocrx_word' id='word_1_73' title='bbox 835 1708 1162 1784; x_wconf 72' lang='lat' dir='ltr'>innumerabilium</span> <span class='ocrx_word' id='word_1_74' title='bbox 1199 1705 1298 1810; x_wconf 86' lang='lat' dir='ltr'>quali</span> <span class='ocrx_word' id='word_1_75' title='bbox 1329 1704 1566 1801; x_wconf 82' lang='lat' dir='ltr'>negotiorum</span> <span class='ocrx_word' id='word_1_76' title='bbox 1597 1725 1658 1775; x_wconf 85' lang='lat' dir='ltr'>va·</span> 
     </span>
     <span class='ocr_line' id='line_1_11' title="bbox 257 1823 1658 1938; baseline 0.004 -38"><span class='ocrx_word' id='word_1_77' title='bbox 257 1827 387 1900; x_wconf 84' lang='lat' dir='ltr'>tietate</span> <span class='ocrx_word' id='word_1_78' title='bbox 413 1823 680 1923; x_wconf 78' lang='lat' dir='ltr'>distrahimur,</span> <span class='ocrx_word' id='word_1_79' title='bbox 715 1837 752 1910; x_wconf 81' lang='lat' dir='ltr'>dt</span> <span class='ocrx_word' id='word_1_80' title='bbox 778 1833 946 1938; x_wconf 68' lang='lat' dir='ltr'>hermena</span> <span class='ocrx_word' id='word_1_81' title='bbox 976 1855 1105 1910; x_wconf 84' lang='lat' dir='ltr'>nutura</span> <span class='ocrx_word' id='word_1_82' title='bbox 1135 1859 1212 1910; x_wconf 87' lang='lat' dir='ltr'>non</span> <span class='ocrx_word' id='word_1_83' title='bbox 1242 1835 1406 1930; x_wconf 85' lang='lat' dir='ltr'>patitur,</span> <span class='ocrx_word' id='word_1_84' title='bbox 1441 1850 1480 1906; x_wconf 92' lang='lat' dir='ltr'>ut</span> <span class='ocrx_word' id='word_1_85' title='bbox 1508 1827 1658 1906; x_wconf 82' lang='lat' dir='ltr'>essentia</span> 
     </span>
     <span class='ocr_line' id='line_1_12' title="bbox 258 1951 1656 2054; baseline 0.001 -24"><span class='ocrx_word' id='word_1_86' title='bbox 258 1951 374 2030; x_wconf 74' lang='lat' dir='ltr'>nollet</span> <span class='ocrx_word' id='word_1_87' title='bbox 400 1959 561 2054; x_wconf 83' lang='lat' dir='ltr'>corporis</span> <span class='ocrx_word' id='word_1_88' title='bbox 589 1981 666 2035; x_wconf 83' lang='lat' dir='ltr'>tota</span> <span class='ocrx_word' id='word_1_89' title='bbox 690 1961 797 2037; x_wconf 82' lang='lat' dir='ltr'>simul</span> <span class='ocrx_word' id='word_1_90' title='bbox 822 1965 862 2036; x_wconf 90' lang='lat' dir='ltr'>iu</span> <span class='ocrx_word' id='word_1_91' title='bbox 889 1959 1036 2038; x_wconf 84' lang='lat' dir='ltr'>diversis</span> <span class='ocrx_word' id='word_1_92' title='bbox 1062 1963 1149 2036; x_wconf 85' lang='lat' dir='ltr'>locis</span> <span class='ocrx_word' id='word_1_93' title='bbox 1169 1957 1338 2036; x_wconf 73' lang='lat' dir='ltr'>exhibent</span> <span class='ocrx_word' id='word_1_94' title='bbox 1358 1957 1393 2034; x_wconf 93' lang='lat' dir='ltr'>se</span> <span class='ocrx_word' id='word_1_95' title='bbox 1420 1953 1656 2053; x_wconf 69' lang='lat' dir='ltr'>presentem,</span> 
     </span>
     <span class='ocr_line' id='line_1_13' title="bbox 256 2077 1650 2184; baseline -0.001 -28"><span class='ocrx_word' id='word_1_96' title='bbox 256 2077 349 2156; x_wconf 80' lang='lat' dir='ltr'>litos</span> <span class='ocrx_word' id='word_1_97' title='bbox 383 2083 422 2156; x_wconf 91' lang='lat' dir='ltr'>in</span> <span class='ocrx_word' id='word_1_98' title='bbox 461 2107 602 2179; x_wconf 84' lang='lat' dir='ltr'>partem</span> <span class='ocrx_word' id='word_1_99' title='bbox 641 2087 892 2164; x_wconf 84' lang='lat' dir='ltr'>sollicitudinis</span> <span class='ocrx_word' id='word_1_100' title='bbox 929 2087 1060 2164; x_wconf 81' lang='lat' dir='ltr'>nollrae</span> <span class='ocrx_word' id='word_1_101' title='bbox 1096 2107 1384 2184; x_wconf 77' lang='lat' dir='ltr'>nonnumquam</span> <span class='ocrx_word' id='word_1_102' title='bbox 1411 2079 1650 2184; x_wconf 79' lang='lat' dir='ltr'>assumimus,</span> 
     </span>
     <span class='ocr_line' id='line_1_14' title="bbox 253 2205 1763 2311; baseline -0.003 -27"><span class='ocrx_word' id='word_1_103' title='bbox 253 2207 385 2306; x_wconf 82' lang='lat' dir='ltr'>quibus</span> <span class='ocrx_word' id='word_1_104' title='bbox 407 2205 490 2288; x_wconf 91' lang='lat' dir='ltr'>sore</span> <span class='ocrx_word' id='word_1_105' title='bbox 516 2215 733 2311; x_wconf 83' lang='lat' dir='ltr'>percipimus</span> <span class='ocrx_word' id='word_1_106' title='bbox 760 2216 887 2291; x_wconf 84' lang='lat' dir='ltr'>coelesli</span> <span class='ocrx_word' id='word_1_107' title='bbox 916 2215 1017 2290; x_wconf 92' lang='lat' dir='ltr'>dono</span> <span class='ocrx_word' id='word_1_108' title='bbox 1046 2207 1229 2309; x_wconf 77' lang='lat' dir='ltr'>provisum</span> <span class='ocrx_word' id='word_1_109' title='bbox 1252 2265 1264 2303; x_wconf 87' lang='lat'>‚</span> <span class='ocrx_word' id='word_1_110' title='bbox 1290 2231 1329 2286; x_wconf 90' lang='lat' dir='ltr'>ut</span> <span class='ocrx_word' id='word_1_111' title='bbox 1359 2209 1541 2308; x_wconf 82' lang='lat' dir='ltr'>negotiis,</span> <span class='ocrx_word' id='word_1_112' title='bbox 1569 2211 1650 2304; x_wconf 85' lang='lat' dir='ltr'>qui·</span> <span class='ocrx_word' id='word_1_113' title='bbox 1756 2221 1763 2236; x_wconf 86' lang='grc'><strong>“</strong></span> 
     </span>
     <span class='ocr_line' id='line_1_15' title="bbox 254 2331 1652 2436; baseline -0.001 -28"><span class='ocrx_word' id='word_1_114' title='bbox 254 2332 322 2408; x_wconf 87' lang='lat' dir='ltr'>bus</span> <span class='ocrx_word' id='word_1_115' title='bbox 347 2333 607 2432; x_wconf 77' lang='lat' dir='ltr'>deputentur,</span> <span class='ocrx_word' id='word_1_116' title='bbox 635 2339 780 2436; x_wconf 85' lang='lat' dir='ltr'>sciant,</span> <span class='ocrx_word' id='word_1_117' title='bbox 807 2345 844 2418; x_wconf 81' lang='lat' dir='ltr'>bt</span> <span class='ocrx_word' id='word_1_118' title='bbox 872 2333 1005 2434; x_wconf 77' lang='lat' dir='ltr'>polline</span> <span class='ocrx_word' id='word_1_119' title='bbox 1031 2339 1181 2433; x_wconf 76' lang='lat' dir='ltr'>provide</span> <span class='ocrx_word' id='word_1_120' title='bbox 1207 2336 1426 2427; x_wconf 85' lang='lat' dir='ltr'>consulere,</span> <span class='ocrx_word' id='word_1_121' title='bbox 1457 2338 1494 2412; x_wconf 80' lang='lat' dir='ltr'>bt</span> <span class='ocrx_word' id='word_1_122' title='bbox 1522 2331 1652 2408; x_wconf 82' lang='lat' dir='ltr'>salubri</span> 
     </span>
     <span class='ocr_line' id='line_1_16' title="bbox 252 2455 1654 2561; baseline 0.003 -31"><span class='ocrx_word' id='word_1_123' title='bbox 252 2455 492 2554; x_wconf 80' lang='lat' dir='ltr'>postmodum</span> <span class='ocrx_word' id='word_1_124' title='bbox 523 2466 685 2538; x_wconf 87' lang='lat' dir='ltr'>remedio</span> <span class='ocrx_word' id='word_1_125' title='bbox 713 2468 933 2561; x_wconf 79' lang='lat' dir='ltr'>prouidere:</span> <span class='ocrx_word' id='word_1_126' title='bbox 973 2463 1014 2537; x_wconf 87' lang='lat' dir='ltr'>ltl</span> <span class='ocrx_word' id='word_1_127' title='bbox 1044 2485 1229 2560; x_wconf 75' lang='lat' dir='ltr'>propterea</span> <span class='ocrx_word' id='word_1_128' title='bbox 1267 2487 1311 2536; x_wconf 91' lang='lat' dir='ltr'>ne</span> <span class='ocrx_word' id='word_1_129' title='bbox 1346 2459 1497 2536; x_wconf 87' lang='lat' dir='ltr'>Domus</span> <span class='ocrx_word' id='word_1_130' title='bbox 1522 2459 1654 2534; x_wconf 73' lang='lat' dir='ltr'>noslrae</span> 
     </span>
     <span class='ocr_line' id='line_1_17' title="bbox 251 2581 1653 2687; baseline 0.002 -31"><span class='ocrx_word' id='word_1_131' title='bbox 251 2581 293 2656; x_wconf 89' lang='lat' dir='ltr'>in</span> <span class='ocrx_word' id='word_1_132' title='bbox 324 2587 485 2678; x_wconf 84' lang='lat' dir='ltr'>partibus</span> <span class='ocrx_word' id='word_1_133' title='bbox 511 2585 657 2663; x_wconf 74' lang='lat' dir='ltr'>Tusciae</span> <span class='ocrx_word' id='word_1_134' title='bbox 678 2585 870 2666; x_wconf 79' lang='lat' dir='ltr'>exilientes</span> <span class='ocrx_word' id='word_1_135' title='bbox 897 2590 1058 2687; x_wconf 87' lang='lat' dir='ltr'>aliquam</span> <span class='ocrx_word' id='word_1_136' title='bbox 1086 2589 1258 2680; x_wconf 67' lang='lat' dir='ltr'>januum</span> <span class='ocrx_word' id='word_1_137' title='bbox 1283 2641 1294 2678; x_wconf 89' lang='lat'>,</span> <span class='ocrx_word' id='word_1_138' title='bbox 1324 2592 1359 2662; x_wconf 80' lang='lat' dir='ltr'>dt</span> <span class='ocrx_word' id='word_1_139' title='bbox 1387 2587 1653 2661; x_wconf 83' lang='lat' dir='ltr'>detrimentum</span> 
     </span>
     <span class='ocr_line' id='line_1_18' title="bbox 251 2707 1654 2812; baseline 0.004 -32"><span class='ocrx_word' id='word_1_140' title='bbox 251 2727 331 2782; x_wconf 89' lang='lat' dir='ltr'>tam</span> <span class='ocrx_word' id='word_1_141' title='bbox 361 2712 400 2784; x_wconf 89' lang='lat' dir='ltr'>iu</span> <span class='ocrx_word' id='word_1_142' title='bbox 430 2711 702 2808; x_wconf 76' lang='lat' dir='ltr'>spiritualibus,</span> <span class='ocrx_word' id='word_1_143' title='bbox 739 2737 848 2812; x_wconf 85' lang='lat' dir='ltr'>quam</span> <span class='ocrx_word' id='word_1_144' title='bbox 880 2713 918 2788; x_wconf 90' lang='lat' dir='ltr'>itt</span> <span class='ocrx_word' id='word_1_145' title='bbox 949 2717 1209 2810; x_wconf 78' lang='lat' dir='ltr'>temporelibus</span> <span class='ocrx_word' id='word_1_146' title='bbox 1239 2715 1461 2802; x_wconf 78' lang='lat' dir='ltr'>incurrant,</span> <span class='ocrx_word' id='word_1_147' title='bbox 1498 2707 1554 2785; x_wconf 85' lang='lat' dir='ltr'>Te</span> <span class='ocrx_word' id='word_1_148' title='bbox 1586 2737 1654 2785; x_wconf 88' lang='lat' dir='ltr'>no·</span> 
     </span>
     <span class='ocr_line' id='line_1_19' title="bbox 250 2829 1648 2937; baseline 0.004 -31"><span class='ocrx_word' id='word_1_149' title='bbox 250 2829 394 2931; x_wconf 80' lang='lat' dir='ltr'>sirum,</span> <span class='ocrx_word' id='word_1_150' title='bbox 421 2841 455 2916; x_wconf 81' lang='lat' dir='ltr'>dt</span> <span class='ocrx_word' id='word_1_151' title='bbox 480 2839 563 2914; x_wconf 79' lang='lat' dir='ltr'>dieti</span> <span class='ocrx_word' id='word_1_152' title='bbox 589 2835 742 2912; x_wconf 85' lang='lat' dir='ltr'>Ordinis</span> <span class='ocrx_word' id='word_1_153' title='bbox 767 2837 970 2930; x_wconf 86' lang='lat' dir='ltr'>omnium,</span> <span class='ocrx_word' id='word_1_154' title='bbox 995 2844 1032 2918; x_wconf 79' lang='lat' dir='ltr'>br</span> <span class='ocrx_word' id='word_1_155' title='bbox 1060 2841 1287 2937; x_wconf 78' lang='lat' dir='ltr'>singularum</span> <span class='ocrx_word' id='word_1_156' title='bbox 1319 2835 1536 2912; x_wconf 86' lang='lat' dir='ltr'>Domorutn</span> <span class='ocrx_word' id='word_1_157' title='bbox 1566 2861 1648 2934; x_wconf 76' lang='lat' dir='ltr'>ptr·</span> 
     </span>
     <span class='ocr_line' id='line_1_20' title="bbox 253 2959 1651 3067; baseline 0.004 -33"><span class='ocrx_word' id='word_1_158' title='bbox 253 2959 353 3034; x_wconf 84' lang='lat' dir='ltr'>tium</span> <span class='ocrx_word' id='word_1_159' title='bbox 384 2959 526 3067; x_wconf 65' lang='lat' dir='ltr'>Tuscia</span> <span class='ocrx_word' id='word_1_160' title='bbox 559 2963 746 3040; x_wconf 81' lang='lat' dir='ltr'>Viearium</span> <span class='ocrx_word' id='word_1_161' title='bbox 779 2963 1003 3042; x_wconf 78' lang='lat' dir='ltr'>Genetalem</span> <span class='ocrx_word' id='word_1_162' title='bbox 1035 2985 1169 3040; x_wconf 86' lang='lat' dir='ltr'>tenore</span> <span class='ocrx_word' id='word_1_163' title='bbox 1208 2963 1437 3060; x_wconf 69' lang='lat' dir='ltr'>praesentium</span> <span class='ocrx_word' id='word_1_164' title='bbox 1469 2959 1651 3058; x_wconf 83' lang='lat' dir='ltr'>facimus,</span> 
     </span>
     <span class='ocr_line' id='line_1_21' title="bbox 250 3085 1650 3194; baseline 0.004 -32"><span class='ocrx_word' id='word_1_165' title='bbox 250 3085 543 3184; x_wconf 70' lang='lat' dir='ltr'>substituimus,</span> <span class='ocrx_word' id='word_1_166' title='bbox 575 3093 612 3194; x_wconf 72' lang='lat' dir='ltr'>dt</span> <span class='ocrx_word' id='word_1_167' title='bbox 637 3085 836 3184; x_wconf 74' lang='lat' dir='ltr'>creamus,&#39;</span> <span class='ocrx_word' id='word_1_168' title='bbox 870 3091 1027 3190; x_wconf 79' lang='lat' dir='ltr'>&#39;sibique</span> <span class='ocrx_word' id='word_1_169' title='bbox 1053 3091 1096 3164; x_wconf 82' lang='lat' dir='ltr'>de</span> <span class='ocrx_word' id='word_1_170' title='bbox 1123 3087 1406 3189; x_wconf 86' lang='lat' dir='ltr'>quibuscumque</span> <span class='ocrx_word' id='word_1_171' title='bbox 1431 3089 1546 3164; x_wconf 75' lang='lat' dir='ltr'>cattfie</span> <span class='ocrx_word' id='word_1_172' title='bbox 1570 3113 1650 3167; x_wconf 82' lang='lat' dir='ltr'>tans</span> 
     </span>
     <span class='ocr_line' id='line_1_22' title="bbox 250 3213 1651 3312; baseline 0.006 -26"><span class='ocrx_word' id='word_1_173' title='bbox 250 3213 441 3306; x_wconf 82' lang='lat' dir='ltr'>ciuilibus,</span> <span class='ocrx_word' id='word_1_174' title='bbox 467 3239 577 3312; x_wconf 78' lang='lat' dir='ltr'>quam</span> <span class='ocrx_word' id='word_1_175' title='bbox 602 3219 880 3312; x_wconf 76' lang='lat' dir='ltr'>criminalibus,</span> <span class='ocrx_word' id='word_1_176' title='bbox 907 3215 967 3292; x_wconf 90' lang='lat' dir='ltr'>seu</span> <span class='ocrx_word' id='word_1_177' title='bbox 990 3217 1118 3290; x_wconf 76' lang='lat' dir='ltr'>mistis</span> <span class='ocrx_word' id='word_1_178' title='bbox 1145 3215 1188 3288; x_wconf 83' lang='lat' dir='ltr'>td</span> <span class='ocrx_word' id='word_1_179' title='bbox 1210 3214 1291 3290; x_wconf 86' lang='lat' dir='ltr'>Nos</span> <span class='ocrx_word' id='word_1_180' title='bbox 1314 3221 1455 3290; x_wconf 84' lang='lat' dir='ltr'>tatione</span> <span class='ocrx_word' id='word_1_181' title='bbox 1475 3219 1558 3292; x_wconf 81' lang='lat' dir='ltr'>didli</span> <span class='ocrx_word' id='word_1_182' title='bbox 1581 3215 1651 3294; x_wconf 84' lang='lat' dir='ltr'>Ol·</span> 
     </span>
     <span class='ocr_line' id='line_1_23' title="bbox 251 3339 1651 3440; baseline -0.003 -22"><span class='ocrx_word' id='word_1_183' title='bbox 251 3340 351 3437; x_wconf 79' lang='lat' dir='ltr'>ficii,</span> <span class='ocrx_word' id='word_1_184' title='bbox 376 3345 413 3422; x_wconf 80' lang='lat' dir='ltr'>dt</span> <span class='ocrx_word' id='word_1_185' title='bbox 439 3339 696 3440; x_wconf 78' lang='lat' dir='ltr'>Magistratus,</span> <span class='ocrx_word' id='word_1_186' title='bbox 723 3343 783 3418; x_wconf 85' lang='lat' dir='ltr'>seu</span> <span class='ocrx_word' id='word_1_187' title='bbox 806 3339 930 3418; x_wconf 87' lang='lat' dir='ltr'>sorum</span> <span class='ocrx_word' id='word_1_188' title='bbox 962 3339 1127 3416; x_wconf 77' lang='lat' dir='ltr'>nostrum</span> <span class='ocrx_word' id='word_1_189' title='bbox 1155 3339 1434 3438; x_wconf 87' lang='lat' dir='ltr'>quomodolibet</span> <span class='ocrx_word' id='word_1_190' title='bbox 1461 3344 1651 3436; x_wconf 41' lang='lat' dir='ltr'>xpertinen-</span> 
     </span>
     <span class='ocr_line' id='line_1_24' title="bbox 254 3463 1650 3566; baseline -0.003 -20"><span class='ocrx_word' id='word_1_191' title='bbox 254 3469 350 3546; x_wconf 88' lang='lat' dir='ltr'>tibus</span> <span class='ocrx_word' id='word_1_192' title='bbox 372 3467 692 3566; x_wconf 65' lang='lat' dir='ltr'>despectantium,</span> <span class='ocrx_word' id='word_1_193' title='bbox 713 3471 909 3560; x_wconf 86' lang='lat' dir='ltr'>audiendi,</span> <span class='ocrx_word' id='word_1_194' title='bbox 930 3463 1204 3560; x_wconf 85' lang='lat' dir='ltr'>cognoscendi,</span> <span class='ocrx_word' id='word_1_195' title='bbox 1225 3465 1439 3558; x_wconf 79' lang='lat' dir='ltr'>decidendi,</span> <span class='ocrx_word' id='word_1_196' title='bbox 1458 3465 1650 3542; x_wconf 82' lang='lat' dir='ltr'>diffinien-</span> 
     </span>
     <span class='ocr_line' id='line_1_25' title="bbox 250 3582 1649 3692; baseline -0.009 -20"><span class='ocrx_word' id='word_1_197' title='bbox 250 3597 287 3672; x_wconf 91' lang='lat' dir='ltr'>di</span> <span class='ocrx_word' id='word_1_198' title='bbox 310 3651 322 3692; x_wconf 88' lang='lat'>,</span> <span class='ocrx_word' id='word_1_199' title='bbox 346 3597 544 3672; x_wconf 88' lang='lat' dir='ltr'>diritnentli</span> <span class='ocrx_word' id='word_1_200' title='bbox 569 3651 579 3690; x_wconf 91' lang='lat'>‚</span> <span class='ocrx_word' id='word_1_201' title='bbox 605 3595 851 3674; x_wconf 80' lang='lat' dir='ltr'>sententiandi</span> <span class='ocrx_word' id='word_1_202' title='bbox 877 3597 950 3686; x_wconf 80' lang='lat' dir='ltr'>,dt</span> <span class='ocrx_word' id='word_1_203' title='bbox 978 3589 1052 3662; x_wconf 84' lang='lat' dir='ltr'>stne</span> <span class='ocrx_word' id='word_1_204' title='bbox 1079 3586 1203 3661; x_wconf 89' lang='lat' dir='ltr'>debito</span> <span class='ocrx_word' id='word_1_205' title='bbox 1223 3582 1251 3678; x_wconf 76' lang='lat'>,¹</span> <span class='ocrx_word' id='word_1_206' title='bbox 1270 3583 1344 3662; x_wconf 70' lang='lat' dir='ltr'>‘sive&#39;</span> <span class='ocrx_word' id='word_1_207' title='bbox 1370 3593 1549 3666; x_wconf 82' lang='lat' dir='ltr'>cnnbnico</span> <span class='ocrx_word' id='word_1_208' title='bbox 1577 3609 1649 3666; x_wconf 86' lang='lat' dir='ltr'>ter-</span> 
     </span>
     <span class='ocr_line' id='line_1_26' title="bbox 250 3713 1649 3822; baseline -0.006 -22"><span class='ocrx_word' id='word_1_209' title='bbox 250 3725 451 3816; x_wconf 80' lang='lat' dir='ltr'>minandi,</span> <span class='ocrx_word' id='word_1_210' title='bbox 479 3727 515 3800; x_wconf 80' lang='lat' dir='ltr'>br</span> <span class='ocrx_word' id='word_1_211' title='bbox 540 3727 638 3822; x_wconf 91' lang='lat' dir='ltr'>quod</span> <span class='ocrx_word' id='word_1_212' title='bbox 661 3723 858 3800; x_wconf 85' lang='lat' dir='ltr'>decreveris</span> <span class='ocrx_word' id='word_1_213' title='bbox 885 3715 1114 3818; x_wconf 84' lang='lat' dir='ltr'>exequendi,</span> <span class='ocrx_word' id='word_1_214' title='bbox 1141 3719 1177 3792; x_wconf 80' lang='lat' dir='ltr'>dt</span> <span class='ocrx_word' id='word_1_215' title='bbox 1206 3741 1225 3792; x_wconf 83' lang='lat' dir='ltr'>a</span> <span class='ocrx_word' id='word_1_216' title='bbox 1250 3713 1403 3792; x_wconf 86' lang='lat' dir='ltr'>subditis</span> <span class='ocrx_word' id='word_1_217' title='bbox 1430 3715 1557 3793; x_wconf 84' lang='lat' dir='ltr'>nolitis</span> <span class='ocrx_word' id='word_1_218' title='bbox 1584 3717 1649 3792; x_wconf 86' lang='lat' dir='ltr'>ob·</span> 
     </span>
    </p>
   </div>
   <div class='ocr_carea' id='block_1_2' title="bbox 258 3839 1646 4732">
    <p class='ocr_par' dir='ltr' id='par_1_3' title="bbox 258 3839 1646 4732">
     <span class='ocr_line' id='line_1_27' title="bbox 302 3839 1599 3926; baseline -0.005 -3"><span class='ocrx_word' id='word_1_219' title='bbox 302 3857 402 3926; x_wconf 84' lang='lat' dir='ltr'>Tem.</span> <span class='ocrx_word' id='word_1_220' title='bbox 430 3857 497 3925; x_wconf 75' lang='lat' dir='ltr'>lis.</span> <span class='ocrx_word' id='word_1_221' title='bbox 954 3841 989 3923; x_wconf 78' lang='lat' dir='ltr'>L</span> <span class='ocrx_word' id='word_1_222' title='bbox 1526 3839 1599 3918; x_wconf 84' lang='lat' dir='ltr'>set·</span> 
     </span>
     <span class='ocr_line' id='line_1_28' title="bbox 258 3974 1168 4016; baseline 0.012 -15"><span class='ocrx_word' id='word_1_223' title='bbox 258 3974 1168 4016; x_wconf 57' lang='lat' dir='ltr'>uun-W</span> 
     </span>
     <span class='ocr_line' id='line_1_29' title="bbox 286 4053 1646 4130; baseline 0 -12"><span class='ocrx_word' id='word_1_224' title='bbox 286 4057 449 4120; x_wconf 77' lang='lat' dir='ltr'>Letrrlriano</span> <span class='ocrx_word' id='word_1_225' title='bbox 467 4059 499 4118; x_wconf 89' lang='lat' dir='ltr'>ad</span> <span class='ocrx_word' id='word_1_226' title='bbox 518 4057 671 4128; x_wconf 83' lang='lat' dir='ltr'>ltujtiimotli</span> <span class='ocrx_word' id='word_1_227' title='bbox 689 4057 922 4130; x_wconf 72' lang='lat' dir='ltr'>dignitatemve·</span> <span class='ocrx_word' id='word_1_228' title='bbox 993 4071 1046 4116; x_wconf 86' lang='lat' dir='ltr'>trus</span> <span class='ocrx_word' id='word_1_229' title='bbox 1071 4055 1179 4128; x_wconf 79' lang='lat' dir='ltr'>proprie</span> <span class='ocrx_word' id='word_1_230' title='bbox 1211 4053 1357 4115; x_wconf 86' lang='lat' dir='ltr'>Generalis</span> <span class='ocrx_word' id='word_1_231' title='bbox 1387 4053 1515 4130; x_wconf 72' lang='lat' dir='ltr'>Magistri</span> <span class='ocrx_word' id='word_1_232' title='bbox 1543 4077 1646 4120; x_wconf 83' lang='lat' dir='ltr'>nomen</span> 
     </span>
     <span class='ocr_line' id='line_1_30' title="bbox 286 4147 1229 4228; baseline -0.014 -8"><span class='ocrx_word' id='word_1_233' title='bbox 286 4157 363 4220; x_wconf 79' lang='lat' dir='ltr'>llum</span> <span class='ocrx_word' id='word_1_234' title='bbox 383 4155 463 4216; x_wconf 86' lang='lat' dir='ltr'>suilse</span> <span class='ocrx_word' id='word_1_235' title='bbox 482 4155 667 4224; x_wconf 79' lang='lat' dir='ltr'>ostendimus,</span> <span class='ocrx_word' id='word_1_236' title='bbox 686 4173 768 4228; x_wconf 85' lang='lat' dir='ltr'>quarn</span> <span class='ocrx_word' id='word_1_237' title='bbox 788 4153 927 4225; x_wconf 85' lang='lat' dir='ltr'>illeusque</span> <span class='ocrx_word' id='word_1_238' title='bbox 1000 4153 1050 4224; x_wconf 79' lang='lat' dir='ltr'>sibi</span> <span class='ocrx_word' id='word_1_239' title='bbox 1071 4147 1229 4224; x_wconf 79' lang='lat' dir='ltr'>usurpasse.</span> 
     </span>
     <span class='ocr_line' id='line_1_31' title="bbox 259 4249 1644 4328; baseline -0.002 -11"><span class='ocrx_word' id='word_1_240' title='bbox 259 4249 321 4317; x_wconf 78' lang='lat' dir='ltr'>¹etl</span> <span class='ocrx_word' id='word_1_241' title='bbox 342 4277 385 4316; x_wconf 86' lang='lat' dir='ltr'>an.</span> <span class='ocrx_word' id='word_1_242' title='bbox 408 4277 484 4322; x_wconf 72' lang='lat'>¹5²⁵·</span> <span class='ocrx_word' id='word_1_243' title='bbox 503 4253 639 4314; x_wconf 84' lang='lat' dir='ltr'>obtinuit.</span> <span class='ocrx_word' id='word_1_244' title='bbox 663 4255 772 4326; x_wconf 72' lang='lat' dir='ltr'>ltaque,</span> <span class='ocrx_word' id='word_1_245' title='bbox 788 4251 923 4323; x_wconf 79' lang='lat' dir='ltr'>siquidem</span> <span class='ocrx_word' id='word_1_246' title='bbox 961 4249 1004 4328; x_wconf 83' lang='lat'>(3)</span> <span class='ocrx_word' id='word_1_247' title='bbox 1023 4253 1077 4309; x_wconf 86' lang='lat' dir='ltr'>Hie</span> <span class='ocrx_word' id='word_1_248' title='bbox 1096 4256 1182 4310; x_wconf 85' lang='lat' dir='ltr'>etiarn</span> <span class='ocrx_word' id='word_1_249' title='bbox 1204 4251 1351 4322; x_wconf 84' lang='lat' dir='ltr'>occurrit,</span> <span class='ocrx_word' id='word_1_250' title='bbox 1371 4253 1444 4326; x_wconf 79' lang='lat' dir='ltr'>quod</span> <span class='ocrx_word' id='word_1_251' title='bbox 1470 4259 1644 4314; x_wconf 85' lang='lat' dir='ltr'>monumenti</span> 
     </span>
     <span class='ocr_line' id='line_1_32' title="bbox 284 4347 1645 4430; baseline -0.004 -13"><span class='ocrx_word' id='word_1_252' title='bbox 284 4375 363 4420; x_wconf 84' lang='lat' dir='ltr'>eetta</span> <span class='ocrx_word' id='word_1_253' title='bbox 382 4356 417 4416; x_wconf 84' lang='lat' dir='ltr'>lit</span> <span class='ocrx_word' id='word_1_254' title='bbox 434 4356 608 4414; x_wconf 88' lang='lat' dir='ltr'>mouumenti</span> <span class='ocrx_word' id='word_1_255' title='bbox 637 4351 717 4420; x_wconf 79' lang='lat' dir='ltr'>buius</span> <span class='ocrx_word' id='word_1_256' title='bbox 736 4351 828 4420; x_wconf 79' lang='lat' dir='ltr'>fides,</span> <span class='ocrx_word' id='word_1_257' title='bbox 854 4349 931 4418; x_wconf 80' lang='lat' dir='ltr'>cuiue</span> <span class='ocrx_word' id='word_1_258' title='bbox 1002 4349 1086 4418; x_wconf 77' lang='lat' dir='ltr'>liujus</span> <span class='ocrx_word' id='word_1_259' title='bbox 1107 4349 1189 4408; x_wconf 85' lang='lat' dir='ltr'>fidem</span> <span class='ocrx_word' id='word_1_260' title='bbox 1216 4347 1328 4409; x_wconf 79' lang='lat' dir='ltr'>dubiam</span> <span class='ocrx_word' id='word_1_261' title='bbox 1355 4351 1473 4410; x_wconf 81' lang='lat' dir='ltr'>reddar.</span> <span class='ocrx_word' id='word_1_262' title='bbox 1499 4353 1645 4430; x_wconf 79' lang='lat' dir='ltr'>Numqui</span> 
     </span>
     <span class='ocr_line' id='line_1_33' title="bbox 286 4448 1643 4534; baseline -0.007 -14"><span class='ocrx_word' id='word_1_263' title='bbox 286 4475 340 4534; x_wconf 71' lang='lat' dir='ltr'>ego</span> <span class='ocrx_word' id='word_1_264' title='bbox 358 4453 559 4528; x_wconf 68' lang='lat' dir='ltr'>autogrneltum</span> <span class='ocrx_word' id='word_1_265' title='bbox 588 4468 644 4508; x_wconf 88' lang='lat' dir='ltr'>unu</span> <span class='ocrx_word' id='word_1_266' title='bbox 673 4449 759 4520; x_wconf 82' lang='lat' dir='ltr'>nidi,</span> <span class='ocrx_word' id='word_1_267' title='bbox 783 4449 928 4510; x_wconf 79' lang='lat' dir='ltr'>dieendum</span> <span class='ocrx_word' id='word_1_268' title='bbox 1004 4448 1051 4506; x_wconf 84' lang='lat' dir='ltr'>hie</span> <span class='ocrx_word' id='word_1_269' title='bbox 1076 4450 1211 4514; x_wconf 80' lang='lat' dir='ltr'>Juit&#39;antrt</span> <span class='ocrx_word' id='word_1_270' title='bbox 1235 4451 1372 4508; x_wconf 81' lang='lat' dir='ltr'>Domr&#39;nr&#39;n&#39;</span> <span class='ocrx_word' id='word_1_271' title='bbox 1399 4449 1518 4518; x_wconf 80' lang='lat' dir='ltr'>dieitur,</span> <span class='ocrx_word' id='word_1_272' title='bbox 1547 4455 1643 4524; x_wconf 85' lang='lat' dir='ltr'>paullo</span> 
     </span>
     <span class='ocr_line' id='line_1_34' title="bbox 284 4545 1642 4628; baseline -0.004 -14"><span class='ocrx_word' id='word_1_273' title='bbox 284 4560 361 4628; x_wconf 76' lang='lat' dir='ltr'>erit,</span> <span class='ocrx_word' id='word_1_274' title='bbox 381 4556 520 4614; x_wconf 85' lang='lat' dir='ltr'>Simonem</span> <span class='ocrx_word' id='word_1_275' title='bbox 531 4547 694 4606; x_wconf 79' lang='lat' dir='ltr'>Genetslem</span> <span class='ocrx_word' id='word_1_276' title='bbox 706 4547 924 4626; x_wconf 83' lang='lat' dir='ltr'>Humiliatorum</span> <span class='ocrx_word' id='word_1_277' title='bbox 999 4545 1206 4614; x_wconf 76' lang='lat' dir='ltr'>enteJub&#39;anut</span> <span class='ocrx_word' id='word_1_278' title='bbox 1219 4551 1528 4622; x_wconf 73' lang='lat' dir='ltr'>Laurenn‘iappellatue</span> <span class='ocrx_word' id='word_1_279' title='bbox 1537 4552 1587 4618; x_wconf 83' lang='lat' dir='ltr'>ett;</span> <span class='ocrx_word' id='word_1_280' title='bbox 1598 4551 1642 4612; x_wconf 78' lang='lat' dir='ltr'>sed</span> 
     </span>
     <span class='ocr_line' id='line_1_35' title="bbox 260 4635 1645 4732; baseline -0.009 -12"><span class='ocrx_word' id='word_1_281' title='bbox 260 4635 265 4649; x_wconf 55' lang='grc'>’</span> <span class='ocrx_word' id='word_1_282' title='bbox 282 4675 361 4720; x_wconf 82' lang='lat' dir='ltr'>trans</span> <span class='ocrx_word' id='word_1_283' title='bbox 375 4655 549 4732; x_wconf 75' lang='lat' dir='ltr'>Apenninum</span> <span class='ocrx_word' id='word_1_284' title='bbox 558 4645 702 4708; x_wconf 79' lang='lat' dir='ltr'>victuum</span> <span class='ocrx_word' id='word_1_285' title='bbox 714 4642 809 4717; x_wconf 78' lang='lat' dir='ltr'>ruffe.</span> <span class='ocrx_word' id='word_1_286' title='bbox 830 4665 862 4704; x_wconf 87' lang='lat' dir='ltr'>ae</span> <span class='ocrx_word' id='word_1_287' title='bbox 871 4649 923 4706; x_wconf 86' lang='lat' dir='ltr'>mi·</span> <span class='ocrx_word' id='word_1_288' title='bbox 999 4647 1074 4708; x_wconf 85' lang='lat' dir='ltr'>sorte</span> <span class='ocrx_word' id='word_1_289' title='bbox 1082 4648 1365 4723; x_wconf 76' lang='lat' dir='ltr'>Notatilaegligeutia</span> <span class='ocrx_word' id='word_1_290' title='bbox 1377 4647 1422 4707; x_wconf 84' lang='lat' dir='ltr'>ltie</span> <span class='ocrx_word' id='word_1_291' title='bbox 1431 4665 1504 4706; x_wconf 83' lang='lat' dir='ltr'>error</span> <span class='ocrx_word' id='word_1_292' title='bbox 1513 4649 1645 4722; x_wconf 83' lang='lat' dir='ltr'>ltreplit.</span> 
     </span>
    </p>
   </div>
   <div class='ocr_carea' id='block_1_3' title="bbox 0 0 2042 5496">
    <p class='ocr_par' dir='ltr' id='par_1_4' title="bbox 0 0 2042 5496">
     <span class='ocr_line' id='line_1_36' title="bbox 0 0 2042 5496; baseline 0 7"><span class='ocrx_word' id='word_1_293' title='bbox 0 0 2042 5496; x_wconf 95' lang='lat' dir='ltr'> </span> 
     </span>
    </p>
   </div>
  </div>
 </body>
</html>
