3984 5502
433 511 484 600 36
665 508 1116 588 Hutttttrronutr
1152 507 1510 586 Mouutretttt

379 629 419 704 in
450 631 673 729 superiorem
699 695 710 733 ,
749 638 969 736 quandoque
998 661 1084 712 tero
1113 635 1311 730 superiores
1345 637 1382 706 in
1419 629 1611 718 subditos,
1647 640 1781 702 manus

383 777 662 856 nonnunquam
691 765 805 840 etiam
831 759 943 858 usque
978 761 1022 834 ad
1058 758 1246 854 sanguinis
1281 752 1501 832 effusionem
1529 755 1676 830 iniicere
1703 749 1785 828 vio·

382 882 527 974 lentas,
557 887 701 984 aliaque
731 891 917 986 nonnulla
943 887 1101 962 crimina
1129 890 1165 962 dt
1192 881 1348 958 excessus
1370 883 1605 956 committere
1629 875 1785 952 contin·

379 1022 476 1100 gat,
516 1027 759 1107 propterque
786 1011 1059 1110 irregularitatis
1095 1011 1236 1084 macula
1273 1011 1310 1082 in
1347 1006 1494 1084 dirersis
1520 1003 1783 1082 excommuni-

378 1130 607 1224 cationum,
649 1130 966 1230 suspensronum,
1005 1141 1041 1214 dt
1078 1136 1256 1212 interdilli
1299 1133 1486 1210 sententiis
1522 1131 1783 1222 innodantur,

380 1251 590 1352 cadentque
604 1256 738 1334 domus
750 1257 899 1334 diverfis
913 1259 1094 1334 erroribus
1108 1263 1145 1336 dt
1158 1257 1351 1352 dispendiis
1364 1275 1630 1348 exponuntur,
1649 1277 1782 1354 tuque,

380 1371 469 1451 sicut
489 1378 618 1454 eadent
644 1382 776 1477 petitio
801 1379 1070 1478 subiungebat,
1096 1403 1248 1478 paterno
1272 1379 1393 1474 cupias
1417 1373 1543 1454 affesttt
1566 1378 1784 1456 huiusmodi

380 1496 634 1598 superiorum,
660 1502 844 1601 fratrum,
869 1511 906 1586 ὃ(
934 1504 1132 1595 sororum,
1160 1530 1199 1578 ac
1226 1501 1453 1580 subditorum
1480 1507 1697 1580 animarum
1726 1504 1779 1582 sa·

381 1623 477 1716 luti,
505 1631 541 1704 dt
568 1630 743 1706 disiacum
766 1632 966 1722 domorum
990 1625 1151 1706 statui&
1172 1629 1324 1702 utilitati
1345 1624 1559 1718 consulere,
1588 1653 1653 1724 pro
1677 1649 1780 1724 parte

384 1773 445 1827 tua
476 1753 583 1828 nobis
607 1753 677 1830 suit
708 1756 898 1830 humiliter
926 1752 1190 1848 supplicatum,
1217 1768 1256 1824 ut
1283 1751 1470 1844 providete
1494 1751 1558 1826 tibi
1584 1751 1686 1849 super
1708 1754 1783 1830 hoc

346 1945 357 1964 ,
387 1897 538 1974 paterna
565 1882 792 1976 providentia
818 1901 1047 1954 curaremus.
1076 1880 1156 1954 Nos
1178 1880 1299 1976 itaque
1321 1875 1528 1952 huiusmodi
1557 1883 1625 1955 tuis
1649 1883 1687 1956 in
1713 1885 1783 1960 hae

385 2026 486 2098 parte
523 2004 842 2103 supplicationibus
878 2005 1043 2079 inclinati
1077 2003 1284 2087 discretioni
1322 2025 1418 2096 tue,
1457 2004 1503 2098 de
1540 2031 1611 2102 qua
1647 2007 1688 2083 in
1722 2009 1782 2084 his

380 2133 416 2205 ὅ(
447 2131 483 2204 in
512 2133 592 2205 aliis
627 2128 800 2206 fiduciam
835 2131 873 2202 in
913 2129 1090 2204 Domino
1126 2133 1288 2226 gerimus
1324 2126 1548 2223 specialem,
1584 2152 1664 2208 tum
1694 2137 1778 2212 illoc

381 2257 418 2330 ὅ(
446 2254 560 2347 illas,
597 2257 657 2353 qui
695 2252 817 2330 sorsan
857 2277 989 2327 manus
1023 2255 1260 2346 iniecerunt,
1298 2259 1335 2332 ὅ(
1374 2254 1587 2334 huiusmodi
1622 2257 1783 2334 excelsus

381 2381 417 2455 dt
454 2381 607 2454 crimina
648 2376 945 2469 commiserunt,
982 2402 1093 2478 quam
1133 2377 1245 2450 etiarn
1285 2379 1367 2452 iilos
1407 2383 1444 2456 dt
1484 2381 1597 2473 ilias,
1637 2385 1701 2482 qui
1738 2407 1786 2462 ex

381 2499 513 2578 eisdem
541 2501 826 2598 Superioribus,
853 2493 1054 2593 fratribus,
1082 2497 1264 2576 sororibus
1292 2507 1327 2578 ὅ(
1356 2501 1504 2580 subditis
1533 2531 1665 2584 manus
1692 2511 1782 2584 inii·
1860 2551 1878 2566 ·

382 2651 492 2722 cete,
530 2631 567 2705 dc
608 2625 817 2702 huiusmodi
853 2626 1042 2718 crimina,
1083 2631 1120 2702 dt
1157 2623 1314 2701 excessus
1355 2633 1587 2708 committere
1629 2637 1788 2709 contin-

381 2781 532 2868 pat,ut
559 2755 769 2854 p-aserrur,
804 2759 1015 2834 auiloritate
1042 2757 1235 2852 apostolica
1272 2762 1309 2834 in
1338 2757 1458 2834 sorma
1495 2759 1650 2835 Ecclesre
1685 2786 1777 2836 con·
1807 2737 1815 2759 ὓ

382 2889 513 2979 sueta,
553 2883 577 2960 st
620 2885 691 2959 hoc
739 2881 931 2960 humiliter
972 2881 1172 2978 petierint,
1214 2881 1258 2958 ab
1307 2881 1515 2972 hujusmodi
1560 2883 1793 2972 sententiis,

382 3011 608 3102 excessibus,
635 3013 670 3086 d(
698 3007 867 3098 desidiis,
903 3028 968 3080 nec
1005 3029 1082 3080 uon
1119 3009 1198 3082 aliis
1225 3009 1326 3100 penis
1352 3004 1574 3086 &censuris
1609 3032 1689 3082 uon
1719 3033 1756 3082 re

382 3135 609 3238 quirentibus
639 3135 817 3208 maiorem
845 3132 1103 3206 audioritatem
1133 3129 1362 3224 absolvunt,
1388 3104 1683 3231 quesupradilla
1709 3136 1782 3208 cri·

383 3265 485 3342 mina
513 3265 549 3340 dt
576 3254 734 3335 etteeilirs
759 3259 984 3348 dumtaxat,
1020 3279 1108 3356 quas
1145 3257 1183 3329 in
1221 3279 1283 3330 eos
1315 3255 1358 3330 ab
1386 3257 1543 3332 homine
1572 3261 1627 3334 vel
1655 3283 1675 3354 a
1705 3264 1784 3334 inre

383 3390 540 3489 prolatas
577 3403 765 3481 propterea
801 3383 1068 3472 incurrerunt,
1104 3371 1158 3452 vel
1189 3379 1371 3452 incurrere
1404 3385 1632 3478 contingat,
1669 3388 1779 3460 dum,

272 3609 274 3614 ι
383 3517 498 3594 modo
527 3514 702 3592 iniuriam
731 3503 834 3606 palis
861 3501 1058 3582 satisfacere
1088 3506 1272 3578 volueriut
1299 3526 1575 3598 competenter,
1602 3510 1774 3606 quotiens

382 3640 612 3736 expedierit,
649 3631 858 3710 absolvendi
880 3685 900 3740 ⁹,
929 3635 965 3707 dt
997 3652 1083 3702 cunt
1119 3625 1254 3702 eisdem
1291 3629 1565 3720 superioribus,
1603 3627 1774 3707 fratribus

384 3771 420 3844 dt
449 3761 629 3838 sororibus
657 3754 759 3849 super
787 3751 1078 3846 irregularitate,
1105 3750 1143 3823 in
1172 3775 1283 3846 quam
1313 3751 1359 3826 stc
1382 3753 1513 3846 ligati,
1543 3777 1620 3828 non
1649 3778 1781 3832 tamen

383 3893 421 3966 in
451 3905 707 3978 contemptum
737 3877 894 3952 clarium
930 3873 1148 3948 celebrando
1182 3873 1342 3968 divina,
1380 3881 1435 3951 vel
1470 3875 1714 3954 immiscendo
1743 3875 1778 3952 sc

384 4015 454 4090 illic
474 4021 762 4091 contraxerunt,
790 4017 851 4072 aut
874 3997 1093 4072 contrahere
1113 3997 1330 4092 contingat,
1352 3995 1486 4074 eisdem
1509 4001 1778 4098 superioribus,

381 4147 419 4222 δί
445 4135 645 4226 fratribus,
679 4135 714 4210 dt
743 4122 924 4206 sororibus
961 4127 1005 4202 ad
1033 4145 1207 4219 tempuS,
1240 4127 1284 4199 de
1310 4151 1383 4224 quo
1412 4127 1475 4202 tibi
1507 4131 1715 4221 videbitur,
1753 4158 1775 4207 a

383 4266 533 4346 suorum
561 4261 736 4336 ordinum
763 4253 981 4332 executione
1010 4247 1207 4346 suspensis,
1232 4251 1496 4347 dispensando,
1523 4256 1698 4332 initrndlis
1725 4262 1777 4334 eis

384 4396 482 4492 prius
510 4415 575 4488 pro
612 4380 725 4460 modo
759 4377 861 4474 culpe
898 4375 1094 4474 penitentia
1131 4372 1273 4446 salutari
1308 4377 1345 4452 dt
1379 4377 1490 4468 aliis,
1523 4406 1593 4480 qne
1627 4385 1672 4458 de
1708 4387 1786 4460 iure

390 4497 530 4597 sue'rint
559 4501 818 4604 iniungenda,
845 4519 885 4574 ac
910 4521 1066 4576 omnent
1095 4495 1333 4574 inhabilitatis
1359 4503 1398 4576 dt
1424 4499 1577 4580 insarnie
1602 4513 1785 4588 maculam
