4100 5500
432 603 434 606 ’
511 601 583 692 156
669 601 1119 686 Hnrrrtrntottou
1155 606 1655 689 Cousnrrurro'ttne

453 735 600 815 tenus,
627 727 807 828 aliquibus
832 741 968 831 (prout
990 734 1107 812 visum
1130 731 1200 810 suit
1220 734 1432 811 consonum
1454 735 1619 826 rationi)
1644 735 1857 830 decltratis,

452 849 633 944 mutatis,
659 859 819 954 additis,
846 866 882 938 dt
910 859 1117 954 subtractis,
1144 883 1254 958 prout
1283 859 1435 940 inferius
1464 863 1631 940 videbitis
1649 861 1859 940 contineri.

447 965 549 1066 Quas
579 976 642 1056 sub
671 981 792 1080 sigillo
822 985 952 1064 nollro
978 987 1207 1086 dirigimus,
1232 991 1270 1068 dt
1298 992 1472 1068 uolumus
1500 987 1769 1070 inuiolabiliter
1794 991 1858 1070 ob·

445 1096 601 1179 servari.
629 1103 776 1186 Omnes
797 1133 925 1188 autent
950 1114 1038 1189 alias
1065 1113 1390 1212 Constitutiones,
1411 1143 1492 1220 quae
1510 1127 1612 1197 extri
1629 1121 1770 1218 dilium
1783 1119 1860 1199 Vo-

455 1225 584 1304 lumen
615 1237 886 1332 reperirentur,
914 1239 955 1314 iu
974 1263 1212 1340 quocumque
1233 1240 1411 1322 Generali
1433 1245 1610 1344 Capitulo
1634 1245 1772 1342 editas,
1797 1272 1859 1326 cu·

446 1346 659 1456 luscumque
675 1361 815 1438 tenoris
828 1363 1011 1460 existant,
1031 1363 1232 1458 cassamus,
1255 1369 1292 1445 dt
1316 1369 1500 1448 irritamus
1522 1369 1735 1452 audioritate
1751 1373 1854 1452 nobis

395 1539 398 1544 .
448 1481 690 1562 commissae
718 1485 990 1566 Definitoribus
1016 1488 1181 1589 Capituli
1209 1491 1437 1576 Generalis.

552 1657 611 1760 De
631 1713 693 1764 nnn
718 1691 897 1792 recipiendo
921 1698 1040 1770 Sacros
1064 1695 1207 1771 Ordines
1230 1699 1294 1784 niſs
1304 1725 1389 1778 cnm
1412 1701 1574 1778 licentia.
1600 1709 1682 1806 Cap.
1708 1707 1739 1782 I.
1798 1813 1802 1816 ‚
1842 1784 1846 1792 ,

449 1854 534 2034 ΙΝ
561 1863 687 1956 primis
713 1870 813 1968 quod
840 1869 1064 1974 quicumque
1096 1870 1223 1974 Frqter
1246 1870 1400 1952 Ordinis
1429 1880 1603 1973 receperit
1629 1879 1759 1962 Sacros
1783 1883 1853 1964 Or.

519 1988 623 2064 dines
652 2017 731 2070 non
760 1999 885 2075 habita
913 2001 1061 2076 lieentia
1090 1999 1142 2077 sui
1170 2000 1358 2098 Praepoliti
1382 2007 1439 2080 vel
1460 1983 1630 2104 Prolati,
1659 2009 1737 2108 ipso
1755 2009 1851 2092 fallo

441 2105 488 2184 fit
510 2121 855 2197 excommunicatus
868 2178 879 2216 ,
907 2126 943 2200 dt
969 2123 1220 2202 nihilominus
1240 2130 1283 2203 de
1305 2125 1441 2205 Domo
1463 2135 1607 2232 propria
1627 2138 1849 2234 emittatur,

442 2261 522 2312 non
548 2242 753 2320 reuersurus
780 2246 823 2320 ad
852 2244 965 2343 ipsam
989 2271 1050 2344 per
1073 2251 1281 2329 triennium
1308 2248 1386 2330 fine
1405 2253 1556 2335 licentia
1576 2255 1745 2340 Domini
1765 2261 1848 2342 Mt·

441 2367 542 2466 gistri
572 2372 800 2475 &Capituli
828 2373 1048 2454 Generalis.

667 2583 722 2654 De
746 2605 807 2656 ern
831 2582 1016 2658 comedendo
1037 2583 1176 2686 pinguia
1200 2587 1238 2664 in
1261 2587 1430 2688 Saliare.
1463 2601 1546 2698 cap.
1567 2603 1617 2676 11.

482 2745 577 2827 Tem
600 2754 701 2852 quod
724 2755 764 2832 in
786 2755 915 2833 diebus
928 2757 1072 2834 sabbati
1095 2783 1173 2836 non
1190 2766 1434 2846 comedantur
1447 2772 1599 2872 pinguia
1613 2777 1651 2854 in
1667 2777 1839 2864 Refedo·

472 2885 474 2892 '
505 2881 563 2956 rio
577 2887 633 2958 rel
650 2905 779 2979 extra,
801 2881 869 2961 nifi
883 2885 986 2962 causa
1002 2885 1257 2988 infirmitatis,
1276 2897 1333 2973 nel
1346 2897 1417 2976 alia
1430 2901 1598 2986 evidenti
1617 2909 1840 2993 neceffitate.

798 3093 852 3164 De
882 3092 992 3169 armis
1016 3117 1078 3169 non
1104 3096 1275 3175 tenendis.
1303 3107 1385 3203 Cep.
1405 3108 1472 3183 ΙΙΙ.

478 3253 573 3335 Tem
602 3263 700 3361 quod
730 3267 852 3343 nullus
878 3264 1002 3345 Frater
1028 3267 1205 3353 Subditus
1233 3275 1335 3374 pollit
1362 3283 1399 3361 dt
1424 3284 1555 3365 debeat
1582 3309 1685 3370 erma
1716 3291 1835 3376 offen·

340 3469 343 3472 Ι
502 3381 616 3462 lionis
644 3392 699 3466 vel
726 3387 951 3469 defensionis
975 3398 1030 3471 vel
1052 3398 1255 3497 diploidem
1278 3403 1448 3506 portare,
1477 3420 1532 3491 rel
1558 3415 1597 3492 in
1627 3423 1746 3518 cella,
1778 3429 1832 3504 vel

433 3511 519 3590 alibi
549 3511 614 3592 suo
643 3521 804 3598 nomine
831 3525 989 3601 retinere
1015 3525 1145 3626 absque
1172 3531 1321 3610 licentia
1348 3533 1402 3613 sui
1432 3537 1619 3640 Praepofiti
1654 3555 1710 3628 rel
1742 3553 1837 3632 Pre-

426 3637 490 3714 lati
505 3691 514 3715 .
542 3639 623 3720 Nee
643 3646 757 3722 etiam
783 3645 969 3747 l'raepofiti
996 3654 1052 3727 rel
1076 3651 1221 3733 Praelati
1246 3660 1450 3758 diploidem
1471 3665 1663 3753 deferant.
1690 3677 1832 3784 Siquis

425 3787 551 3843 autent
579 3771 875 3868 contrafecerit,
909 3775 987 3873 ipso
1020 3773 1117 3857 fatto
1150 3784 1263 3888 usque
1289 3792 1334 3864 ed
1368 3791 1638 3893 beneplacitum
1665 3803 1831 3891 Domini

426 3889 626 3992 Magistri,
655 3896 679 3974 fi
706 3897 757 3974 est
783 3899 1098 3997 Subditum-voce
1122 3906 1288 4007 Capituli
1317 3913 1361 3992 srt
1381 3921 1579 4021 'privatum
1614 3929 1640 4010 li
1668 3959 1758 4014 vero
1784 3939 1830 4018 lit

429 4015 645 4115 Praepolitus
674 4021 728 4097 uel
759 4021 957 4128 Prolatus,
984 4029 1063 4131 ipso
1088 4027 1184 4114 felin
1210 4061 1232 4115 a
1258 4035 1509 4140 Praepofirurae
1537 4057 1593 4133 vel
1619 4055 1827 4146 Praelaturae

325 4209 331 4216 .
423 4144 560 4228 Officio
586 4143 629 4228 lit
657 4145 867 4250 suspensus.
952 4173 954 4178 '
