4076 5496
386 612 1303 703 Annonartoutttnstransnatat.
1476 647 1502 728 7

132 735 291 833 bendo,
319 741 357 818 bt
386 743 581 838 largiendo
605 744 745 824 eisdem
774 776 836 848 per
864 753 1006 849 publica
1033 759 1258 834 documenta
1287 759 1389 856 plura
1419 755 1545 852 bona,

136 862 406 965 possessiones,
431 872 469 947 dt
496 872 596 966 iura,
622 875 815 970 essiones,
840 883 877 956 dt
906 882 1063 958 nomina
1091 881 1316 982 spiritualia,
1338 885 1375 961 dt
1403 903 1546 984 tempo-

135 994 229 1070 ralia
262 994 403 1070 dudum
439 995 693 1092 pertinentes,
732 1005 771 1080 dt
807 1009 1030 1100 pertinentia
1066 1012 1111 1085 ad
1145 1009 1262 1086 didos
1299 1008 1547 1104 Commune,

135 1115 357 1220 Populum,
384 1117 664 1202 universitatem
690 1179 702 1218 ,
729 1128 973 1228 sotietatem,
996 1139 1035 1212 dt
1061 1129 1339 1212 fraternitatem
1362 1137 1411 1212 de
1427 1131 1545 1213 Ceuli

134 1245 458 1341 indidoCaslro,
479 1241 550 1324 five
566 1250 778 1346 territorio,
799 1257 838 1334 dt
858 1257 898 1332 in
920 1258 995 1356 ipsa
1016 1257 1178 1340 &testa
1196 1259 1323 1340 dandi
1347 1229 1545 1340 Michaelis

132 1376 184 1452 de
208 1373 318 1452 Ceuli
344 1389 552 1470 contenta,
576 1373 732 1470 expressa
754 1429 767 1470 ,
791 1384 831 1460 dt
856 1385 1055 1464 nominata
1080 1389 1123 1464 in
1149 1385 1364 1479 turismodi
1390 1383 1546 1486 publicis

131 1501 392 1583 instrumentis
417 1502 551 1585 taliutn
592 1504 909 1605 coneeffionutn,
939 1511 1032 1590 iude
1050 1509 1231 1591 oonsettis
1256 1511 1410 1613 publicis
1432 1511 1543 1612 serip-

132 1635 230 1715 turis
257 1655 320 1730 per
346 1635 508 1732 publicos
543 1635 711 1712 notarios
742 1657 785 1712 ea
822 1640 988 1717 manime
1019 1641 1269 1733 intentione,
1299 1657 1342 1716 ut
1375 1637 1417 1714 in
1439 1638 1544 1716 attus

132 1758 301 1852 Caslro,
328 1756 401 1836 stre
428 1761 615 1836 territorio
637 1761 684 1836 de
708 1761 823 1840 Ceuli
846 1759 950 1840 fieret
975 1787 1075 1840 unus
1098 1766 1259 1841 desotus'
1278 1761 1438 1857 Locus,
1462 1761 1539 1840 sive

130 1905 345 1966 conventus
365 1887 450 1964 dieti
472 1887 581 1985 primi
602 1884 759 1966 Ordinis
777 1887 1079 1970 Humilietorutn
1095 1947 1108 1986 ,
1125 1885 1448 1988 consideratisque
1468 1888 1540 1966 lnt-

134 2014 289 2092 milibus
326 2011 665 2111 Supplieationibus
701 2009 880 2094 insla'tnter
925 2013 1029 2094 stilis
1057 2012 1194 2094 eisdem
1227 2037 1295 2114 pto
1327 2033 1430 2113 parte
1453 2014 1539 2092 diui

124 2141 379 2233 communis,
410 2142 448 2218 bt
471 2134 723 2216 universitatis
744 2141 792 2218 de
817 2140 928 2220 Ceuli
949 2173 981 2234 ,·
996 2143 1169 2222 videlicet
1193 2141 1242 2220 de
1267 2137 1554 2238 supplicando,¹

129 2269 169 2346 ἂ
195 2265 478 2366 supplicationes
504 2267 728 2364 porrigendo
765 2267 979 2346 Venerabili
1008 2266 1144 2366 Patri,
1174 2273 1220 2350 bc
1243 2267 1424 2350 Domino
1448 2267 1536 2344 Do·
1665 2307 1670 2314 -
1813 2237 1819 2250 ⁸

127 2393 241 2470 mino
260 2387 444 2490 Magistro
466 2389 673 2486 Generosi,
696 2395 735 2472 dc
753 2389 1018 2472 diffinitoribus
1037 2391 1237 2474 Generalis
1256 2394 1423 2492 Capituli
1446 2393 1534 2472 didi

129 2521 321 2618 Ordinis,
350 2523 399 2599 de
419 2523 586 2622 quotiens
610 2525 872 2619 monaslerio,
904 2523 980 2602 live
1012 2531 1100 2604 loeo
1129 2525 1215 2604 didli
1241 2527 1350 2622 prinei
1374 2524 1533 2603 Ordinis

126 2645 431 2725 Humiliatntunt
459 2645 655 2724 statuendo
672 2648 832 2730 tonino
851 2645 1010 2745 Callro,
1037 2647 1112 2729 line
1137 2651 1325 2726 territorio
1347 2651 1393 2727 de
1419 2651 1531 2729 Ceuli

125 2799 189 2874 per
209 2776 347 2852 diuum
369 2771 555 2859 Generale'
577 2772 796 2871 Capitulum
815 2773 901 2852 diest
926 2772 1081 2854 Ordinis
1099 2792 1186 2850 curn
1209 2799 1293 2849 unu
1312 2773 1531 2873 Prepolito,

120 2905 164 2984 ἁ
190 2900 705 2996 Fratribuseonvputualibus
737 2902 775 2978 in
802 2925 857 2978 eo
876 2925 1037 2979 nurnero
1059 2901 1280 2978 condecenti
1303 2925 1391 2974 eunt
1419 2900 1526 2980 hedi·

122 3025 247 3128 fitiis,
267 3028 596 3124 habitationibus,
622 3031 661 3106 bc
686 3025 847 3105 officinis
864 3025 1114 3118 decentibus,
1149 3023 1283 3125 quibus
1316 3025 1530 3118 hujusmodi

120 3154 270 3238 futurus
292 3153 501 3254 Ptepolitns
520 3149 736 3230 lletuendsts
759 3152 897 3228 ibidetn
919 3175 1009 3228 curn
1036 3147 1103 3225 suo
1127 3147 1331 3248 Capitulo,
1356 3157 1395 3230 dt
1418 3151 1526 3228 Con·

123 3309 242 3364 ventu
267 3285 464 3362 commode
484 3283 673 3374 habitare,
695 3281 870 3364 aetiten:
884 3281 1055 3370 valeant,
1076 3277 1533 3364 rationeditintctntns.

126 3417 168 3491 bt
194 3415 234 3487 in
260 3435 307 3486 eo
334 3409 574 3506 solempniter
584 3406 765 3484 celebrare
777 3405 903 3482 diuina
916 3400 1032 3480 offitia
1053 3400 1098 3479 ad
1117 3421 1334 3498 perpetuam
1353 3403 1532 3504 laudens,

119 3543 164 3618 dt
189 3539 348 3637 gloriam
376 3535 663 3637 omnipotentis
683 3533 795 3624 Dei,
828 3535 867 3610 bt
900 3526 1350 3636 BeatiffimeGenitrieis
1382 3527 1530 3616 Marte,

127 3669 167 3744 dt
193 3667 367 3766 ontnittnp
393 3663 642 3753 bandorum,
666 3663 704 3740 dt
730 3659 945 3736 bandarum
966 3681 980 3748 ς
1001 3673 1166 3756 quorum?
1190 3654 1538 3754 supplicationibus

124 3790 297 3870 inclinati
326 3791 515 3888 sperantes
536 3789 710 3868 eneudri,
726 3786 918 3882 benigne,
941 3787 982 3862 dt
1005 3783 1161 3883 gratiam
1183 3779 1394 3879 prdnseteri'
1413 3785 1534 3864 a'Ve·
1622 3870 1626 3876 ,

122 3916 279 3995 notabili
305 3915 449 4012 Patre,
473 3921 514 3998 dt
539 3911 718 3992 Domino
743 3911 919 3992 Domino
943 3899 1127 4009 Mitgillto
1151 3909 1368 4007 Genesali,
1394 3915 1433 3995 dt
1458 3912 1531 3994 dif.

121 4041 334 4120 finitoribus
359 4041 555 4120 Generalis
580 4040 746 4140 Capituli
769 4039 855 4116 didi
877 4035 1058 4133 Ordinis,
1081 4037 1134 4114 ob
1152 4039 1450 4144 supplicationes
1471 4047 1529 4148 ip·

24 4233 29 4250 ,
118 4164 248 4245 sorum
277 4168 469 4268 Capituli,
494 4171 533 4246 dc
558 4163 779 4245 Conventus
804 4163 897 4242 diue
921 4164 1058 4241 domus
1081 4165 1257 4240 omniurn
1278 4167 1527 4270 Sardorum,

117 4315 160 4370 ut
189 4316 267 4372 tatn
297 4291 490 4393 pia-Vota
512 4293 757 4391 predidborum
788 4291 834 4366 de
860 4289 973 4369 Ceuli
1000 4289 1167 4368 debitunt
1205 4287 1407 4370 sortiantur
1439 4293 1530 4374 effe.

120 4425 218 4502 dunt
241 4473 254 4516 ,
276 4418 581 4517 ⁴presbito'intet·
613 4441 677 4498 eos
712 4417 816 4517 super
834 4417 896 4493 -iis
930 4417 1099 4513 pluries,
1130 4419 1169 4496 bt
1197 4420 1331 4517 pluries
1355 4422 1532 4519 diligenti

117 4547 325 4648 Colloqttio
346 4598 357 4638 ,
381 4549 420 4623 dt
445 4543 600 4620 credatu
619 4543 886 4642 ,demumque
910 4539 1007 4620 facio
1030 4597 1042 4634 ,
1068 4538 1273 4638 revoluto,
1300 4551 1338 4626 dt
1367 4545 1525 4628 obtento

124 4677 260 4778 partito
275 4673 447 4748 intereos
467 4671 507 4749 in
533 4668 709 4770 presentia
728 4671 805 4749 mei
828 4669 1106 4750 Aldobtandini
1131 4673 1266 4752 notarii
1286 4669 1533 4772 infrascripti,

122 4813 157 4890 dt
183 4803 335 4888 sellium
360 4793 701 4896 infrascriptarum.
1332 4795 1481 4875 Chrill't
