4076 5496
438 555 524 634 '²6
713 563 1160 642 Hourrrtronrru
1199 555 1559 635 Mouurtettra
1710 632 1714 640 ¹

425 677 624 762 secundum
652 689 782 785 gradus
809 686 1096 762 ordinum...
1116 680 1185 758 erle
1204 681 1362 756 debeant
1390 679 1509 774 magis
1537 693 1647 772 prope
1676 666 1728 745 D.
1746 663 1833 764 Epi·

425 803 575 902 scopum
605 809 823 908 Pergameo.
850 815 886 888 ὁ(
915 808 1084 908 personas
1112 803 1369 882 Ecclefiasticas
1403 798 1602 890 seculares,
1636 799 1672 874 ὅτ
1711 795 1828 890 magia

424 929 639 1018 honorandi
669 939 707 1012 io
735 917 910 1012 omnibus
939 931 1243 1032 processionibus,
1271 953 1382 1030 quam
1412 925 1635 1024 suprascripti
1664 921 1831 1008 Prior&

427 1052 556 1132 fratres
581 1061 715 1134 domus
742 1063 778 1136 ὅ(
807 1057 997 1156 hospitalis
1022 1058 1060 1136 S.
1089 1057 1300 1134 Leonardi.
1331 1056 1386 1132 lta
1416 1052 1677 1152 pronunciarit
1703 1045 1771 1126 irc.

532 1184 666 1266 Alium
705 1183 777 1264 hoc
810 1209 915 1261 anno
951 1186 1149 1260 nativitatis
1185 1182 1346 1258 Domini
1388 1200 1496 1276 ¹370·
1535 1178 1665 1270 Indtu.
1700 1172 1736 1262 ,8.Ι
1774 1173 1834 1250 die

431 1328 518 1381 vero
554 1331 659 1380 nono
698 1307 853 1396 januarii
892 1309 931 1384 io
966 1309 1111 1386 civitate
1148 1309 1314 1407 pergami
1354 1307 1393 1380 in
1430 1301 1633 1404 Episcopali
1672 1300 1838 1400 palatio,

286 1421 289 1432 ’
431 1429 655 1530 presentibus
683 1425 754 1512 sle.

785 1678 851 1770 Fr.
886 1678 1070 1768 Nicolini
1103 1679 1147 1782 de
1184 1679 1318 1766 Riceis
1355 1674 1491 1766 cicilio
1569 1757 1574 1766 .

533 1837 588 1923 aas
616 1841 865 1948 procuranda
900 1845 1060 1958 negorio
1094 1845 1227 1930 domm
1260 1843 1304 1926 S.
1338 1843 1514 1927 Martha
1551 1833 1743 1943 Ganuenfi

786 2079 861 2128 ¹170·
884 2080 925 2120 ²¹·
945 2059 1032 2123 Man.
1053 2065 1098 2122 Ex
1118 2057 1219 2123 Tabul.
1242 2057 1374 2134 Archiep.
1394 2057 1485 2120 erran.
1812 2124 1817 2134 ,

441 2177 556 2506 IN
585 2177 750 2257 Nomine
777 2163 964 2260 Domini.
996 2188 1146 2264 Amen.
1187 2183 1412 2280 infrascripti
1440 2180 1583 2266 fratrer
1617 2179 1841 2266 Conventus

542 2303 700 2383 Ecclesia
727 2308 844 2388 sanue
874 2309 1021 2386 Marthe
1047 2316 1090 2387 de
1114 2310 1233 2410 Janua
1253 2308 1403 2386 Ordinis
1424 2309 1843 2389 Humiliatorumchoa·

542 2431 698 2530 dunati,
731 2441 768 2514 δι
804 2439 1020 2534 congregati
1047 2437 1091 2528 ad
1119 2434 1337 2532 Capitulum
1372 2432 1467 2538 sono
1503 2435 1697 2534 Campane
1731 2457 1839 2518 more

443 2549 556 2632 solito
585 2583 649 2654 pro
675 2559 902 2659 infrascripto
932 2563 1089 2658 negocio
1117 2560 1317 2659 specialiter
1343 2557 1571 2641 effeiiuando
1592 2563 1639 2638 de
1666 2562 1845 2644 mandato

443 2683 582 2778 Donni
618 2685 952 2764 Fratris'Nicolini
990 2689 1033 2760 tle
1070 2687 1191 2764 Riccis
1228 2688 1274 2763 de
1310 2687 1485 2762 Vercellis
1522 2684 1709 2784 Prepoxiti
1749 2685 1844 2792 diste

445 2809 622 2905 Domus,
655 2810 900 2903 Conventus,
935 2815 971 2890 ὅ(
1007 2809 1197 2904 Ecclesia,
1230 2835 1390 2911 quorum
1430 2815 1586 2894 uomina
1621 2797 1707 2890 sunt
1744 2811 1844 2893 trec:

444 2933 570 3010 Frater
599 2931 758 3012 Rufinus
783 2935 828 3010 de
853 2933 993 3012 Gralsrs
1018 2936 1062 3010 de
1089 2931 1219 3011 Castro
1241 2935 1375 3033 Novo,
1402 2937 1527 3016 Frater
1548 2938 1676 3018 Petrus
1695 2935 1848 3016 del’al·

444 3059 565 3136 ceotia
594 3059 705 3154 (sorra
731 3061 777 3134 de
800 3057 1007 3144 Placentia)
1035 3055 1157 3134 Frater
1179 3055 1695 3158 murmurmurmur,
1720 3061 1846 3148 Frater
1892 3049 1893 3052 ¹

444 3181 702 3262 Dominichua
725 3187 771 3260 de
798 3181 935 3282 Papia,
968 3180 1094 3262 Frater
1128 3180 1322 3280 Johaonea
1354 3183 1587 3272 Guanretittr
1621 3191 1667 3268 cle
1692 3188 1839 3288 Janua,

446 3309 574 3386 Frater
601 3305 756 3406 Jacobus
781 3311 825 3386 de
852 3311 1054 3404 Sarranio,
1087 3306 1212 3384 Frater
1248 3307 1378 3402 Petrus
1401 3311 1446 3386 de
1471 3309 1608 3402 Gra'llic
1640 3316 1685 3394 de
1710 3313 1849 3396 Castro-

448 3438 564 3529 Novo
591 3441 671 3530 (t),
696 3431 821 3510 Frater
847 3433 1061 3511 Rufinaciua
1085 3434 1129 3509 de
1156 3430 1452 3527 CastroNovo,
1478 3434 1603 3514 Frater
1628 3435 1784 3534 Jacobus
1805 3442 1850 3514 de

449 3563 593 3658 Punrl,
620 3561 745 3638 Frater
770 3547 959 3637 Antonini
986 3559 1030 3634 de
1056 3557 1163 3638 Serra
1189 3561 1233 3634 de
1261 3555 1411 3655 Jantta,
1447 3585 1531 3638 cum
1563 3568 1655 3638 nulli
1684 3568 1745 3640 alii
1775 3563 1849 3646 lint

450 3693 494 3766 ad
522 3690 663 3786 presens
690 3685 897 3762 relsrdentes
923 3682 963 3755 in
990 3681 1086 3758 dieto
1113 3681 1343 3776 Conventu,
1377 3709 1507 3760 eorum
1539 3689 1783 3781 nominibus,
1811 3693 1849 3766 et

449 3817 533 3892 dtur
561 3837 692 3890 eorum
721 3805 967 3900 ConventuS,
1004 3811 1041 3884 ὅ(
1068 3804 1260 3903 Capituli,
1298 3830 1377 3905 non
1414 3815 1625 3893 ,reuocando
1662 3837 1852 3911 propterea

309 3953 316 3966 .
453 3951 544 4023 alius
570 3937 791 4028 Sindichot,
820 3934 877 4009 seu
906 3929 1165 4010 Procuratores
1192 3933 1338 4038 ltabitor
1375 3958 1563 4034 retroper
1591 3935 1686 4036 ipsos
1712 3937 1851 4027 salios,

310 4055 314 4060 .
436 4074 503 4156 ,set
529 4071 653 4167 pocius
678 4053 964 4150 confirmando,
990 4061 1097 4134 omni
1127 4063 1210 4152 ria,
1236 4057 1350 4156 piore,
1379 4063 1519 4156 modo,
1558 4068 1595 4146 ἃ
1622 4063 1741 4142 som,
1768 4065 1852 4163 qui,

456 4199 522 4276 bus
550 4194 680 4270 melius
708 4183 878 4287 poliunt,
903 4178 1066 4277 iaciunt,
1091 4182 1340 4278 constituunt,
1368 4190 1405 4264 ilc
1431 4184 1622 4280 fecerunt,
1646 4188 1848 4268 constitue-

458 4341 570 4416 runt,
597 4323 633 4395 &t
661 4306 825 4391 iecerunt
852 4333 1007 4404 eorum,
1033 4313 1071 4388 &
1097 4309 1286 4402 cujuslibet
1311 4333 1472 4406 eorum,
1497 4317 1534 4390 δι
1558 4315 1642 4392 dieti
1671 4315 1853 4395 Conven.

1750 4463 1806 4530 tur
1825 4442 1832 4530 .’

476 4553 1838 4596 Q

459 4633 505 4711 (r)
524 4629 602 4694 ldero
618 4624 667 4701 qut
686 4615 814 4697 eapitur
830 4611 957 4675 scetem
972 4609 1072 4672 ‹leiarle
1090 4604 1222 4682 presuir.
1250 4601 1291 4666 v.
1307 4603 1377 4665 vot.
1397 4606 1500 4684 [pag.
1520 4619 1581 4680 ary.
